3330 5262
839 595 902 658 392

311 801 487 868 pronomen
510 781 610 854 αὐτοῖς
636 778 775 866 (σφισι),
800 780 886 864 quod
912 780 952 845 ad
971 778 1111 857 Θηβαίων
1131 783 1310 865 respiceret,
1329 781 1433 864 magis

311 899 403 983 pueri
437 897 560 962 deceret
593 897 851 962 exercitationem
887 914 984 979 quam
1013 895 1204 960 sententiam
1235 894 1433 977 ascriptore

311 1011 546 1094 elegantissimo
573 1009 788 1093 compositam.
812 1007 892 1084 Quis
915 1010 1001 1074 enim
1021 1007 1139 1072 Graece
1158 1007 1209 1072 vel
1229 1007 1431 1072 mediocriter

312 1124 426 1188 doetus
456 1125 502 1188 sie
533 1122 699 1188 scriberet:
732 1120 871 1200 Θηβαίων
898 1119 1081 1200 βουλομένων
1104 1118 1291 1193 ἀναστάτους
1314 1126 1433 1193 τοιῆσαι

312 1238 368 1310 τοὶς
392 1237 518 1310 Ἀθήνας
540 1237 641 1308 αὐτοῖς
663 1235 797 1314 ε’μτοδιὶν
820 1233 1003 1314 syriacae?

358 1351 398 1434 V,
421 1353 473 1414 41.
499 1351 622 1433 „Nunc
645 1357 772 1435 tempus
794 1350 905 1416 adest”
927 1353 972 1416 ita
994 1351 1123 1416 Procles
1146 1350 1307 1414 Phliasius
1326 1351 1433 1434 loqui-

314 1471 367 1531 tur
393 1484 486 1550 „quo
509 1465 666 1528 auxilium
690 1463 820 1529 ferendo
844 1463 1008 1549 Spartanis
1033 1484 1087 1530 eos
1109 1467 1144 1529 in
1167 1469 1358 1548 perpetuum
1377 1465 1433 1528 ha-

314 1578 412 1643 bituri
443 1579 513 1643 sitis
543 1579 646 1642 socios
672 1577 782 1642 fideles
804 1582 993 1662 gratosque:
1018 1598 1083 1642 non
1108 1579 1194 1643 enim
1217 1579 1312 1663 pauci
1334 1578 1433 1642 huius

314 1692 460 1758 beneficii
491 1697 587 1758 testes
617 1697 720 1757 erunt.
750 1692 821 1756 ἀλλ’
852 1687 975 1757 εἴσονται
1006 1691 1061 1769 μὲν
1082 1695 1183 1756 ταῦτα
1207 1689 1261 1756 θεοὶ
1286 1691 1310 1755 οἷ
1331 1689 1434 1756 τοὶντοο

314 1805 429 1886 ὁρῶντες
458 1803 510 1869 καὶ
537 1808 584 1867 νῦν
607 1803 659 1868 καὶ
682 1804 722 1876 εἰς
745 1803 799 1878 aiat,
824 1803 1081 1879 συνετιστήσοντοιι
1105 1804 1136 1869 δὲ
1159 1803 1200 1869 τοι
1224 1801 1385 1884 γιγνόμενα
1409 1800 1442 1868 οἵ

316 1942 350 1982 τε
377 1917 538 1998 σύμμαχοι
560 1916 612 1982 καὶ
634 1918 658 1982 οἱ
681 1917 822 1997 πολέμιοι,
846 1920 914 2000 πρὸς
938 1919 969 1983 δὲ
992 1917 1101 1991 τούτοις
1126 1916 1177 1983 καὶ
1200 1914 1334 1991 ἅπαντες
1355 1914 1434 1982 Ἕλ-

317 2030 401 2106 λννὲς
431 2056 464 2096 τε
493 2032 542 2095 καὶ
572 2031 726 2115 βάρβαροι·
753 2031 844 2098 οὐδενὶ
868 2033 926 2114 γὰρ
948 2031 1055 2097 τούτων
1077 2031 1220 2111 &maddi
1246 2031 1436 2118 Legendnm

317 2151 373 2230 est,
404 2152 440 2211 ut
470 2148 590 2232 opinor,
620 2146 711 2211 οὐδενὶ
742 2147 800 2228 γὰρ
825 2144 932 2212 τούτων
955 2147 1066 2226 ἀμελὲς
1089 2145 1177 2220 οὐδέν,
1204 2153 1241 2212 ut
1261 2145 1369 2210 τούτοιν
1392 2149 1438 2212 sit

319 2263 466 2326 neutrius
487 2263 622 2346 generis.
645 2259 813 2326 Praeterea
837 2262 980 2326 deleatur
1001 2260 1042 2324 τοὶ
1064 2260 1235 2339 γιγνόμενα.

363 2374 403 2457 V,
425 2376 476 2438 43.
500 2373 552 2438 Ex
575 2375 684 2440 eadem
707 2376 864 2440 oratione:
892 2373 1005 2457 „Olim
1024 2375 1171 2460 Spartani
1192 2374 1358 2439 vobiscum
1370 2374 1437 2440 for·

317 2491 390 2553 titer
411 2487 550 2552 Barbare
574 2491 774 2554 restiterunt:
806 2492 868 2560 τῶς
891 2481 937 2553 οὖν
960 2489 991 2553 οὐ
1015 2488 1120 2553 δίκαιον
1144 2483 1180 2552 ὧν
1203 2512 1237 2552 τε
1259 2485 1344 2552 ἕνεκα
1368 2487 1437 2566 ἐγέ-

318 2624 395 2665 νοντο
424 2599 523 2683 ἄνδρες
554 2601 661 2681 ἀγαθοὶ
689 2603 753 2680 μεθ’
778 2603 857 2681 ὑμῶν
881 2602 932 2667 καὶ
956 2599 992 2666 ὧν
1014 2602 1101 2675 ἐλπὶς
1125 2602 1175 2667 καὶ
1199 2596 1279 2675 αὖθις
1302 2602 1438 2681 γενέσθαι

318 2719 419 2779 πᾶσαν
438 2715 595 2795 προθυμίαν
615 2717 654 2789 εἷς
674 2716 781 2789 αὐτοὺς
800 2716 849 2780 καὶ
869 2717 949 2796 ὑμὸις
968 2715 1017 2781 καὶ
1030 2717 1112 2795 ἡμὸις
1124 2716 1344 2797 ταοέχεσθαι”ς
1357 2718 1438 2782 Pro-

254 2884 256 2890 .
318 2831 457 2894 nominis
476 2831 601 2894 relativi
621 2825 657 2893 ὧν
676 2833 819 2916 repetitio
839 2851 916 2896 num
930 2831 1005 2897 ferri
1016 2834 1117 2917 possit
1129 2833 1300 2898 admodum
1314 2831 1437 2897 dubito

361 2943 401 3027 V,
424 2945 476 3007 45.
498 2943 548 3008 Ita
569 2944 697 3010 Procles
719 2948 837 3030 pergit:
861 2946 919 3023 ἐγὼ
943 2945 983 3018 δέ,
1009 2940 1029 3009 ὦ
1051 2945 1150 3027 ἄνδρες
1169 2946 1323 3020 Ἀθηναῖοι,
1346 2945 1435 3027 πρόσ-

319 3157 521 3249 οέδικουμὲνους
544 3169 595 3234 καὶ
618 3171 684 3244 τοὺς
707 3170 907 3252 φοβουμένους
930 3171 1029 3236 intotis
1052 3171 1301 3254 καταφεύγοντας
1321 3175 1437 3238 ἐνοικου-

316 3285 378 3367 οίας
411 3284 509 3359 ἤκουον
542 3283 733 3364 τυγχανειν”.
770 3286 920 3370 Ineptum
954 3293 1002 3352 est
1035 3287 1122 3351 istud
1158 3284 1268 3351 ιἰιιούων
1283 3335 1311 3350 ..
1328 3336 1356 3351 ..
1393 3286 1436 3352 ὅτι

317 3398 425 3478 ἤκουον,
451 3419 550 3484 qnare
574 3397 685 3462 ἀκούων
707 3420 892 3485 expungere
913 3401 1018 3465 velim.

361 3513 406 3578 Ib.
431 3518 480 3578 νῦν
502 3513 533 3578 δὲ
557 3511 651 3577 οὐκέτ’
675 3512 778 3588 ιἰαούω,
803 3514 874 3578 ἀλλ’
898 3515 989 3588 αὐτὸς
1012 3512 1065 3589 ἤδη
1087 3517 1183 3598 παρὼν
1203 3516 1262 3599 ὁρῶ,
1284 3517 1435 3581 Λακεδαι-

319 3626 429 3706 μονιόυς
452 3651 485 3690 τε
508 3627 574 3700 τοὺς
596 3626 847 3704 ὀνομαστοτάτους
870 3627 918 3692 καὶ
942 3629 1010 3706 μετ’
1033 3630 1128 3693 αὐτῶν
1151 3629 1218 3703 τοὺς
1242 3631 1436 3704 πιστοτάτους

319 3741 423 3822 φίλους
445 3743 541 3806 αὐτῶν
565 3742 632 3822 πρὸς
655 3741 736 3819 ὑμᾶς
759 3765 792 3804 τε
814 3738 938 3814 ἥκοντας
960 3742 1011 3806 καὶ
1037 3742 1186 3821 δεομένους
1209 3737 1248 3808 αὖ
1270 3745 1350 3822 ὑμῶν
1372 3745 1435 3808 ἐτι-

318 3862 461 3936 κουοῆσαι.
486 3857 591 3940 Aegre
614 3858 699 3941 apud
722 3854 972 3933 ὀνομαστοτάτους
996 3858 1113 3942 aliquis
1132 3860 1295 3943 genitivus
1313 3860 1436 3943 partiti·

319 3991 389 4053 vus,
412 3971 500 4035 velut
524 3969 682 4044 Ἑλλήνων,
707 3971 912 4036 desideratur.

276 4085 279 4092 '
362 4085 401 4161 V,
424 4086 475 4148 46.
499 4086 538 4148 Ιη
562 4087 747 4149 memoriam
771 4084 1023 4150 Atheniensibus
1043 4092 1169 4149 revocat
1189 4085 1318 4150 Procles
1329 4085 1434 4150 nobile

319 4199 475 4261 meierum
504 4199 633 4281 fectum,
663 4195 710 4262 ὅτε
740 4197 805 4270 τοὺς
833 4199 1069 4272 τελευτήσαντας
1092 4196 1141 4261 ἐστὶ
1164 4206 1200 4279 τῇ
1225 4196 1360 4280 Καδμεία
1383 4200 1435 4262 οὐκ
1525 4284 1529 4291 Ι

318 4307 419 4375 εἴασαν
461 4309 598 4392 ιἰτοὶφους
639 4309 779 4390 γενέσθαι.
824 4311 877 4375 An
923 4311 978 4375 ὑπὸ
1019 4319 1056 4392 τῇ
1094 4310 1230 4394 Καδμεία
1266 4312 1436 4397 legendum
