3330 5262
753 581 816 646 367

221 763 245 828 οἱ
274 763 301 828 δ’
331 761 417 828 ἄλλοι
447 770 568 828 πολῖτοιι
598 762 709 836 ἑκόντες
741 763 937 844 κατεδέχοντο
969 764 1036 838 τοὺς
1068 765 1185 846 πρόσθεν
1207 766 1340 841 πολίτοις.

222 878 322 943 Vides
349 899 448 964 quam
473 899 588 963 parum
624 880 841 944 necessarium
875 881 917 944 sit
939 881 1051 964 paucis
1072 882 1247 946 interiectis
1271 902 1343 950 eau-

224 993 295 1057 dem
328 1011 397 1057 rem
431 994 471 1058 iis
494 992 610 1076 verbis,
636 1012 718 1077 qnae
743 1013 801 1078 ego
825 994 953 1076 inclusi,
976 995 1094 1060 iterum
1119 1015 1256 1060 narrare.
1279 994 1344 1060 Du·

159 1171 160 1174 ,
222 1105 316 1170 bitari
343 1126 472 1190 quoque
494 1111 599 1191 potest
621 1125 703 1170 num
727 1106 809 1172 bene
834 1106 993 1173 Graecum
1018 1109 1060 1173 sit
1082 1106 1207 1188 φρουρὰν
1230 1107 1344 1188 Φιίνοεν·

222 1243 290 1291 τες.
305 1267 313 1282 .
327 1266 356 1282 ..
389 1219 413 1283 εἰ
443 1219 486 1298 μὴ
518 1215 614 1295 ἐξίοιεν
637 1240 714 1304 pro:
737 1218 874 1298 λέγοντες
898 1218 940 1284 ὅτι
965 1219 1092 1302 Φρουρὰν
1115 1225 1257 1303 Φοενοῦσιν
1272 1271 1279 1286 .
1294 1269 1301 1286 .
1316 1267 1346 1286 ..

222 1331 245 1395 εἰ
269 1330 313 1410 μὴ
335 1327 441 1407 ἐξίοιεν.

265 1443 308 1528 Π,
340 1446 368 1509 1.
401 1445 509 1522 Quum
542 1465 618 1531 ergo
649 1466 701 1512 res
725 1466 767 1512 ex
789 1452 863 1512 voto
887 1449 1035 1513 cessisset
1057 1446 1230 1532 Spartanis,
1254 1442 1348 1520 ἔδοξεν

222 1558 334 1631 αὐτοῖς,
358 1555 416 1623 ίτοι
439 1559 469 1622 ἐν
491 1559 532 1638 τῷ
555 1557 677 1639 πολέμῳ
699 1563 756 1622 τῶν
779 1555 954 1639 ξυμμάχων
973 1558 1108 1624 ἐνέκειντο
1126 1558 1176 1624 κοοί
1189 1566 1246 1633 τοῖς
1259 1574 1346 1624 πολε-

223 1670 298 1748 μίοις
332 1670 527 1753 εὐμενέστεροι
557 1666 632 1746 ἦσαν
661 1670 677 1746 ἢ
708 1681 745 1754 τῇ
777 1673 978 1751 Λυκεδοιίμονι
1009 1672 1126 1747 τούτους
1149 1672 1275 1739 κολοίποιι
1298 1669 1348 1739 κκί

221 1784 444 1850 -κοοτκτκευοίτοοι
475 1788 512 1858 ὥς
545 1786 589 1865 μὴ
620 1785 751 1851 δύναιντο
781 1786 926 1851 οέπιττεῖν.
959 1787 1105 1853 Verbum
1138 1785 1273 1854 ἐνέκειντο
1295 1789 1347 1852 hie

223 1899 361 1966 absurde
391 1887 532 1985 positum
558 1905 625 1965 est:
651 1899 795 1965 adhiberi
819 1903 905 1964 enirn
931 1901 1013 1966 solet
1036 1902 1076 1966 de
1101 1901 1267 1985 militibus,
1291 1902 1348 1986 qni

222 2015 256 2078 in
279 2015 399 2099 proelio
422 2014 569 2079 hostibus
592 2015 721 2078 instant.
753 2011 799 2077 Of.
822 2013 881 2096 HI,
906 2015 935 2093 5,
959 2015 1019 2078 20:
1044 2013 1205 2079 ἐκυλίνδουν
1228 2013 1348 2096 πέτρους

221 2125 260 2197 είς
283 2125 315 2189 τέ
338 2124 483 2199 κοίτοιντες
506 2123 559 2190 κοοί
582 2133 677 2206 πολλῇ
701 2125 846 2208 προίυμίρι
868 2124 1014 2192 ἐνέκειντο.
1039 2128 1113 2212 VII,
1137 2127 1348 2211 2,19;ἔργοο

222 2262 256 2302 τε
287 2235 401 2318 εἴχοντο
434 2237 487 2302 κοιί
522 2238 809 2320 πονροικελευεοίμενοι
844 2239 985 2313 οίλλιίλοις
1019 2239 1163 2306 ἐνέκειντο.
1197 2241 1259 2308 Sed
1282 2262 1348 2307 non

223 2372 304 2436 opus
339 2359 388 2418 est
420 2354 522 2417 multa
551 2354 591 2418 de
619 2353 716 2417 verbo
746 2353 895 2430 ἐνκεῖείοι
927 2355 1098 2420 disserere:
1132 2356 1227 2419 multi
1258 2357 1345 2420 enim

223 2472 410 2551 corruptum
434 2467 515 2531 illud
537 2487 607 2532 esse
630 2473 808 2551 senserunt,
831 2488 954 2552 proque
974 2488 1011 2534 eo
1031 2467 1175 2533 ἐπέκειντο
1193 2488 1347 2553 reposue-

223 2587 308 2646 runt.
341 2581 403 2646 Sed
433 2601 473 2646 ns
504 2581 537 2645 id
567 2581 696 2665 quidem
721 2582 819 2647 huius
841 2582 904 2647 loci
926 2603 996 2648 esse
1019 2584 1164 2648 videtur:
1188 2583 1347 2647 ἐπικεῖοίκι

223 2697 311 2759 enim
343 2694 383 2760 de
404 2697 522 2779 apertis
545 2697 722 2760 inimicitiis
745 2696 919 2787 hostilique
942 2698 1051 2761 animo
1076 2697 1211 2777 dicitur;
1235 2695 1292 2778 VI,
1318 2698 1347 2778 5,

223 2810 283 2871 45:
319 2807 343 2871 οἱ
376 2807 474 2887 μέντοι
507 2808 652 2882 Ἀθηναῖοι
686 2809 717 2873 οὐ
750 2807 829 2873 ποίνυ
862 2805 997 2885 ἐδέξοεντο
1028 2812 1216 2894 (orationem
1251 2811 1346 2894 legati

224 2921 476 3006 Spartanorum),
500 2921 583 2986 οέλλίι
607 2922 684 3003 ίροῦς
707 2945 752 2995 τις
771 2927 896 2993 τοιοῦτος
915 2922 1039 2996 διῆλθεν,
1062 2924 1099 2996 ὥς
1120 2927 1169 2987 νῦν
1181 2920 1347 3001 μὲντοῦτο

224 3035 343 3116 λέγοιεν,
357 3033 404 3100 ὅτε
415 3036 446 3101 δὲ
458 3029 490 3100 εὗ
501 3033 643 3108 ἔπρκτπον
655 3036 801 3102 ἐπέκειντο
813 3037 893 3116 ἡμῖν.
908 3037 1090 3121 VH,2,10:
1103 3035 1243 3116 ε’νέβοιλον
1255 3036 1286 3101 δὲ
1298 3034 1356 3102 κκίΙ

224 3151 264 3231 τῷ
295 3150 399 3232 ὑστέρῳ
429 3148 486 3216 ἔτει
517 3151 556 3224 είς
586 3151 635 3216 τὸν
658 3155 803 3217 Φλιοῦντκ
825 3149 853 3216 οἵ
871 3174 905 3215 τε
927 3152 1056 3233 Ἀργεῖοι
1079 3149 1133 3215 κοί
1157 3151 1181 3216 οἱ
1204 3149 1347 3232 Ἀρκοίδες

224 3260 367 3336 ε’ίποιντες.
399 3261 489 3329 κίτιον
519 3263 551 3329 δὲ
581 3258 614 3338 ἦν
646 3268 697 3329 τοῦ
727 3265 889 3330 ἐπικεῖτίοοι
911 3265 1016 3338 αὐτοὺς
1044 3262 1092 3330 oiri
1115 3270 1175 3337 τοῖς
1199 3262 1347 3337 Φλιονείοις

224 3379 285 3443 κτὲ.
318 3378 418 3443 Vides
449 3377 604 3442 ἐπικεῐτθοοι
635 3379 708 3461 diei,
732 3381 789 3463 qui
812 3379 914 3443 alium
936 3379 1095 3463 populum
1119 3377 1201 3443 bello
1225 3382 1348 3463 petunt,

225 3511 367 3578 eumque
390 3493 542 3558 omnibus
566 3493 671 3557 modis
695 3493 799 3558 delere
823 3498 855 3558 et
876 3493 1008 3578 perdere
1028 3498 1159 3558 tentant
1179 3491 1252 3556 Non
1272 3511 1347 3576 ergo

225 3604 249 3669 οἱ
271 3605 440 3685 ἐπικείμενοι
463 3607 529 3672 iam
554 3607 595 3671 ad
616 3607 712 3671 sectos
734 3605 845 3672 referri
867 3612 1012 3691 possunt,
1034 3625 1141 3690 neque
1165 3604 1344 3690 quidquam

226 3721 386 3785 eiusmodi
408 3697 562 3786 adversus
586 3719 758 3806 Spartanos
782 3721 1012 3786 commiserant
1035 3719 1272 3784 Mantineenses
1296 3718 1347 3801 (de

225 3835 290 3899 illis
320 3836 407 3900 enim
440 3837 535 3900 sooiis
559 3854 638 3899 mox
660 3854 766 3899 sermo
789 3837 857 3916 est),
880 3834 966 3919 quod
988 3838 1056 3898 tarn
1081 3833 1146 3897 aori
1169 3832 1348 3916 aoerboque

226 3948 333 4032 verbo,
363 3969 462 4033 quam
492 3949 652 4013 intrerteda
681 3953 738 4031 est,
767 3953 852 4012 reete
881 3946 1087 4032 significetur.
1110 3944 1195 4010 Nam
1223 3949 1349 4031 praeter

225 4061 347 4146 foedus,
378 4062 464 4147 quod
489 4062 566 4128 belli
588 4061 851 4145 Peloponnesiaci
873 4065 1018 4145 tempore
1040 4079 1118 4124 enm
1142 4058 1348 4124 Atheniensi·

227 4176 287 4241 bus
318 4181 349 4241 et
378 4177 507 4261 Argivis
537 4177 683 4259 inierant,
713 4175 944 4261 gravissimum
969 4173 1055 4258 quod
1077 4175 1118 4238 iis
1140 4192 1159 4237 a
1183 4171 1347 4258 Spartanis

227 4290 395 4356 obiiciatur
413 4292 474 4356 hoo
492 4294 549 4376 est,
570 4290 655 4375 quod
676 4289 847 4375 Spartanos
859 4288 998 4355 ludibrio
1010 4287 1206 4374 habuissent,
1218 4307 1349 4353 eorum·
