3348 5262
776 619 837 681 201

259 804 383 866 sanavit
406 802 543 868 Oobetus
567 803 702 867 alterum
725 801 748 865 εί
774 802 827 888 (in
852 802 876 865 εῖ
899 801 942 880 μύρ
962 801 1136 887 εὑρήσομεν)
1161 802 1302 866 dolendo.
1318 802 1380 866 Sed

259 916 357 980 simul
391 914 567 980 abiicienda
593 921 680 980 -sunt
710 916 808 980 verba
838 919 979 987 τοῖς...
1010 913 1062 989 είη,
1095 935 1178 1000 quae
1208 920 1239 980 et
1271 935 1382 1000 super-

261 1048 399 1095 vacanea
424 1035 502 1093 sunt
525 1034 556 1093 et
578 1031 685 1113 inepte
708 1031 881 1094 enuntiata.

302 1143 392 1226 VIII,
426 1144 475 1206 19.
507 1143 544 1213 ώς
574 1141 605 1205 δέ
635 1142 726 1206 καλὸν
757 1141 895 1221 Φαίνεται
925 1142 1042 1208 ἐπειδούν
1066 1142 1247 1220 ὑποδήματα
1272 1140 1382 1221 ἐφεξῆς

259 1255 360 1330 κέηται
383 1256 442 1320 κτὲ.
469 1255 619 1320 Absurde
638 1256 716 1320 haec
736 1258 894 1322 sententia
913 1256 952 1321 ab
972 1258 1009 1330 ώς
1029 1259 1158 1343 incipit:
1173 1258 1283 1322 nullus
1297 1260 1382 1321 enim

260 1371 313 1434 hic
336 1371 563 1436 exclamationi
585 1369 675 1434 locus
699 1374 755 1434 est.

305 1483 407 1567 Caput
428 1482 488 1566 IX,
511 1485 540 1546 2.
564 1481 604 1545 τύι
627 1483 778 1560 οίκιίματα
802 1482 986 1563 ᾧκοδίμηται
1004 1484 1073 1564 πρὸς
1092 1485 1165 1548 αὐτὸ
1176 1488 1262 1548 τοῦτο
1273 1485 1382 1560 ἐσκεμ-

262 1595 338 1674 μένοι
367 1594 443 1669 ὅπως
474 1597 589 1674 οὐγγεῖα
616 1595 654 1668 ὡς
675 1596 898 1676 συμφορώτατα
922 1592 938 1676 ᾖ
963 1603 1024 1668 τοῖς
1048 1595 1205 1673 μέλλουσιν
1228 1597 1257 1660 ἐν
1281 1598 1383 1666 αὐτοῖς

260 1707 382 1773 έσεσύαι.
404 1708 649 1774 Observandum
669 1714 726 1792 est,
746 1709 984 1774 substantivum
1000 1709 1113 1787 οῖγγεῖα
1125 1730 1189 1774 non
1202 1710 1382 1775 subiectum

260 1841 340 1906 esse,
363 1823 420 1887 sed
442 1823 667 1907 praedicatum.

304 1935 364 2018 IX,
400 1937 427 2000 3.
463 1932 515 1998 καί
550 1933 731 2015 διαιτητήρια
765 1932 796 1998 δέ
828 1941 891 2007 τοῖς
921 1935 1075 2015 ἀνθρώποις
1105 1933 1281 1999 ἐπεδείκνυον
1304 1937 1382 2016 αὐτῇ

260 2045 529 2124 κεκαλλωπισμένα
556 2051 607 2111 τοῦ
635 2046 690 2125 μὲν
714 2046 804 2128 ώέρους
826 2047 905 2126 ἐχειν
933 2047 1005 2133 (την
1028 2047 1137 2133 οῖκίαν)
1163 2046 1296 2127 φυχεινιί
1319 2049 1380 2112 κτέ.

263 2159 348 2236 Quid
382 2161 478 2226 verbo
512 2158 780 2237 κεκαλλωπισμένη
813 2162 927 2226 faciam
959 2164 1076 2244 nesci0,
1107 2163 1163 2226 sed
1195 2168 1383 2245 corruptum

262 2294 331 2339 esse
351 2275 454 2358 video,
473 2294 548 2338 nam
568 2274 731 2356 sobrietas,
749 2295 832 2358 quae
851 2277 885 2338 in
898 2275 1097 2367 Ischomachi
1111 2275 1205 2339 domo
1217 2281 1338 2359 regnat,
1350 2276 1383 2339 id

262 2387 406 2470 verbum,
426 2387 513 2471 quod
532 2392 564 2450 et
580 2388 755 2451 sententiae
768 2393 962 2451 structuram
975 2387 1147 2471 perturbat,
1159 2407 1224 2451 non
1237 2389 1383 2453 admittit.

305 2500 365 2582 IX,
397 2502 447 2564 11.
480 2498 544 2573 Tiar
567 2499 599 2563 δέ
621 2499 736 2577 ταμίαν
758 2498 958 2578 ἐποιησάμεθα
980 2499 1209 2580 ἐπισκεψάμενοι
1232 2499 1294 2575 ίίτις
1308 2549 1315 2566 .
1330 2551 1337 2564 .
1352 2551 1382 2566 ..

262 2614 330 2694 πρδς
364 2612 473 2687 τούτοις
507 2611 539 2677 δὲ
571 2611 588 2686 ἣ
624 2615 657 2678 τδ
688 2615 862 2692 μνημονικὸν
894 2613 1032 2692 μοίιιιστα
1063 2613 1150 2679 ἐδίκει
1174 2612 1253 2694 ἐχειν
1276 2614 1329 2680 καί
1352 2617 1385 2681 τδ

262 2733 387 2808 προνοεῖν
422 2726 464 2804 μή
499 2751 528 2790 τι
562 2728 650 2791 κακὸν
681 2726 763 2807 λώβη
795 2728 864 2807 παρ’
897 2729 980 2804 ἡμῶν
1003 2729 1168 2806 οὐμελοῦσα,
1193 2727 1244 2792 καί
1268 2736 1384 2792 σκοπεῖν

264 2839 340 2912 ὅπως
359 2838 538 2921 χαριζομένη
559 2864 587 2903 τι
607 2839 679 2917 ημῖν
700 2840 753 2921 ὐφ’
775 2839 1103 2919 ἧμώνιῖντιτιμνίσεται.
1115 2842 1188 2906 Non
1202 2847 1259 2925 est,
1272 2844 1386 2926 utopi-

264 2975 331 3037 nor‚
352 2955 494 3037 dubium,
511 2956 589 3038 quin
602 2959 676 3018 ante
687 2959 803 3017 σκοπεῖν
814 2957 971 3020 articulus
984 2954 1016 3018 τὸ
1028 2956 1197 3038 ponendus
1210 2956 1259 3019 sit.
1273 2953 1385 3019 Obiec-

263 3072 332 3130 tum
353 3069 438 3132 enim
459 3071 507 3130 est
526 3066 616 3130 verbi
635 3063 715 3144 ἔχειν
734 3086 800 3130 nou
817 3069 924 3132 minus
938 3088 1034 3151 quam
1048 3068 1239 3151 praecedens
1251 3072 1385 3146 προνοεῖν.

307 3181 368 3264 ΙΧ,
392 3183 441 3246 12.
464 3178 516 3243 καῖ
538 3180 572 3243 τὸ
595 3180 800 3260 προίυμεῖσώαι
823 3180 854 3243 δὲ
876 3176 1026 3254 συναύξειν
1045 3180 1094 3244 τύν
1112 3174 1184 3244 οἶκον
1196 3178 1386 3257 ἐπαιδεύομεν

263 3293 357 3370 αὐτήν
390 3294 453 3380 (sc.
484 3292 537 3366 τέρν
559 3293 706 3379 ταμίαν),
730 3294 949 3372 ἐπιγιγνώσκειν
971 3293 1066 3365 αὐτην
1088 3298 1233 3366 ποιοῦντες
1258 3291 1310 3357 καί
1332 3300 1387 3366 τοῖς

263 3406 423 3486 εὐπραγίας
440 3406 518 3486 αὐτῇ
539 3403 752 3482 μεταδιδόντες.
776 3406 922 3471 Graviter
941 3407 1028 3472 hunc
1039 3409 1144 3471 locum
1158 3407 1385 3491 interpolatum

265 3540 334 3585 esse
365 3522 531 3599 existimo;
564 3520 690 3584 nullum
722 3522 807 3584 enim
841 3539 974 3585 sensum
1005 3520 1134 3604 praebet
1164 3520 1298 3584 verbum
1323 3519 1386 3581 ε’πι-

264 3633 435 3711 γιγνώσκειν
467 3634 513 3697 sic
536 3634 606 3696 sine
629 3632 752 3697 obiecto
777 3635 924 3717 positum.
947 3632 997 3698 Ne
1020 3633 1135 3697 multa:
1161 3633 1254 3696 credo
1276 3630 1388 3695 Xeno-

265 3749 418 3832 phontem
439 3749 620 3831 scripsisse:
641 3746 859 3823 ἐπιγιγνώσκειν
878 3745 971 3818 αὐτέρν
992 3749 1138 3816 ποιοῦντες
1148 3744 1201 3818 τέρν
1212 3743 1386 3824 εὐπραγίαν,

265 3862 461 3928 faciebamus
481 3865 518 3924 ut
530 3865 560 3926 et
571 3862 641 3944 ipsa
653 3879 836 3944 prosperam
850 3864 991 3923 nostram
1003 3859 1166 3923 fortunam
1179 3859 1388 3941 experiretur,

266 3977 285 4040 i.
299 3995 323 4040 e.
355 3976 541 4060 participem
573 3993 642 4037 eam
674 3972 878 4037 faciebamus.
903 3972 1089 4036 Admodum
1114 3973 1198 4035 enim
1223 3969 1388 4054 probabile

266 4096 323 4171 est,
347 4089 487 4173 aliquem
505 4089 539 4150 in
560 4089 704 4172 margine
725 4091 911 4151 annotasse:
933 4091 987 4157 τῆς
1000 4083 1162 4164 εὐπραγίας
1174 4084 1250 4164 αὐτῇ
1264 4083 1386 4160 μεταδι-

267 4199 373 4274 δόντες,
394 4201 508 4267 deinde
527 4220 564 4264 ea
582 4203 627 4265 ita
638 4203 670 4264 in
684 4206 809 4264 textum
822 4201 988 4283 irrepsisse
1000 4205 1037 4262 ut
1050 4197 1148 4262 verba
1159 4203 1212 4269 τῆς
1224 4195 1388 4275 εὐπραγίας

268 4316 364 4380 verba
385 4313 438 4385 τὴν
459 4313 619 4394 εὐπραγίαν
642 4315 711 4377 loco
736 4313 897 4397 pellerent.
