3348 5262
759 637 821 699 aar
870 716 873 720 ,

221 845 239 890 e
268 827 476 910 grammatica
504 825 611 908 petita.
644 822 791 899 Quorum
822 823 883 886 hoc
906 823 957 887 vel
980 823 1121 887 maxime
1144 824 1349 888 manifestum

224 944 280 1022 est,
313 939 399 1022 quod
421 939 577 1020 laudator,
602 937 658 1001 ubi
682 939 717 1000 in
742 937 851 1021 aliquo
875 936 1117 1000 Hellenicorum
1140 939 1210 1002 loco
1236 938 1354 1003 descri-

223 1052 326 1116 bendo
350 1053 390 1116 ab
413 1053 560 1135 exemplo
586 1071 646 1115 sno
667 1051 793 1133 recedit,
813 1051 948 1114 minime
966 1051 1045 1114 felix
1065 1071 1135 1116 esse
1147 1053 1237 1135 solet,
1252 1073 1352 1139 quum

223 1170 278 1229 aut
307 1185 365 1248 pro
395 1164 639 1248 Xenophonteis
671 1163 920 1228 absurdissimas
952 1169 1049 1247 ponat
1078 1165 1265 1243 locutiones,
1299 1168 1355 1228 aut

222 1279 447 1361 grammaticae
470 1279 536 1341 rim
555 1277 660 1360 faciat,
680 1281 736 1341 aut
757 1278 868 1340 saltem
890 1277 1013 1360 aliquid
1034 1276 1119 1341 dicat
1138 1279 1224 1361 quod
1245 1280 1354 1341 minus

224 1393 386 1456 sincerum
419 1393 567 1454 minusve
596 1391 724 1474 elegans
750 1393 791 1454 sit
816 1411 913 1474 quam
939 1391 1025 1474 quod
1049 1392 1133 1474 apud
1156 1390 1354 1475 Xenophon-

225 1511 288 1570 tem
312 1507 437 1590 legitur.
461 1505 503 1568 ut
527 1507 634 1568 nescio
658 1525 699 1568 an
723 1525 765 1568 ex
788 1525 825 1570 eo
840 1506 896 1569 ‘vel
918 1507 1058 1569 maxime
1079 1511 1235 1590 appareat,
1257 1526 1353 1590 quam

226 1621 359 1705 puerilis
382 1620 477 1683 homo
500 1621 562 1684 iste
585 1619 731 1683 laudator
756 1621 805 1701 sit,
828 1620 915 1702 quod
939 1621 1125 1703 saepissime
1147 1640 1203 1703 pro
1227 1622 1354 1704 partici-

225 1735 277 1817 pio
300 1733 435 1810 uerbum
459 1733 589 1797 finitum
613 1734 711 1815 ponit,
736 1752 905 1817 quumque
929 1733 1014 1816 apud
1038 1732 1285 1816 Xenophontem
1305 1734 1354 1796 in·

224 1848 347 1910 venerit
370 1843 654 1921 δειπνοποιησάμενοι
678 1843 885 1921 ἐκοιμήθησαν,
912 1846 974 1910 sibi
993 1847 1096 1930 placet
1115 1847 1149 1908 in
1169 1847 1353 1930 reponendo

223 1958 491 2033 ἐδειπνοποιήσαντο
525 1957 578 2024 καὶ
613 1959 807 2036 ἐκοιμήθησαν
848 1961 901 2043 (Π,
939 1963 980 2045 5).
1018 1962 1091 2024 Alia
1128 1963 1275 2046 exempla
1306 1966 1356 2025 sat

226 2075 327 2139 multa
358 2075 431 2138 vide
461 2074 547 2158 apud
577 2073 758 2158 Hagenum.
790 2072 915 2138 Deinde
940 2075 1019 2137 mihi
1041 2077 1164 2159 inspice
1186 2075 1245 2139 hos
1267 2076 1354 2139 locos

226 2189 310 2252 inter
333 2207 367 2252 se
390 2193 606 2271 comparatos:

270 2301 329 2383 Ag.
353 2299 378 2382 I,
403 2301 463 2363 25:
487 2297 537 2363 έπὶ
561 2299 669 2378 στόχον
693 2298 797 2371 ἱέντας.
823 2299 908 2364 Hell.
932 2301 991 2383 111,
1014 2303 1044 2382 4,
1071 2301 1129 2363 16:
1154 2305 1352 2378 μελετῶντας.

272 2413 332 2497 Ag.
356 2412 382 2496 I,
406 2415 468 2476 32:
493 2413 516 2476 οἱ
545 2411 653 2490 azyaco}
684 2416 741 2476 τῶν
772 2417 895 2494 Περσῶν.
928 2413 1011 2478 Hell.
1044 2414 1103 2498 III,
1126 2417 1156 2498 4,
1181 2417 1239 2477 24:
1268 2413 1355 2498 (τοὺς

228 2523 282 2601 μὲν
306 2523 341 2597 δή
364 2524 476 2597 ἱππέας
500 2522 655 2612 ἐδέξαντο)
681 2526 705 2590 οἱ
727 2525 846 2607 Πέρσαι.

270 2641 329 2724 Ag.
354 2639 396 2723 II,
421 2642 457 2703 5:
482 2639 534 2703 σὺν
558 2633 577 2720 ᾧ
603 2641 691 2712 αὐτὸς
712 2640 930 2720 ἐμηχανήσατο
949 2641 1067 2722 ἱππικῷ.
1087 2642 1173 2706 Hell.
1191 2642 1247 2726 IV,
1266 2645 1295 2726 3,
1316 2644 1353 2706 9:

224 2751 276 2815 σὺν
299 2745 319 2832 ᾧ
343 2754 430 2825 αὐτὸς
455 2750 605 2827 συνέλεξεν
628 2754 746 2834 ἱππικῷ.

269 2866 328 2951 Ag.
351 2866 377 2949 I,
402 2867 461 2930 29:
485 2865 534 2929 ἒπὶ
557 2866 606 2930 τὸν
629 2867 786 2947 Σαρδιανὸν
809 2864 896 2930 τόπον
919 2866 1056 2948 ἐχώρησε.
1078 2867 1160 2932 Hell.
1174 2869 1234 2951 HI,
1249 2871 1279 2950 4,
1293 2870 1353 2932 21:

223 2979 263 3051 εἱς
304 2979 353 3043 τὸν
395 2979 552 3060 Σαρδιανὸν
594 2965 680 3044 τόπον
714 2978 848 3057 ἐνέβαλε.
883 2979 993 3045 Sermo
1028 2986 1076 3045 est
1112 2981 1151 3045 de
1185 2983 1353 3045 invasione

226 3094 342 3158 hostili.

268 3208 328 3292 Ag.
352 3208 394 3292 II,
419 3211 477 3272 13:
502 3208 518 3280 ή
543 3207 604 3282 νὶκη
629 3207 681 3271 σὺν
704 3205 878 3288 Ἀνησιλοὶςο
901 3206 1024 3285 ἐγένετο.
1049 3208 1133 3272 Hell.
1158 3208 1218 3292 IV,
1243 3210 1272 3291 3,
1294 3209 1353 3271 20:

224 3321 241 3392 ή
265 3320 325 3394 νὶκη
350 3320 535 3399 Ἀνησιλοὶον
558 3320 726 3399 ἐγεγένητο.

268 3433 318 3496 ib:
343 3432 506 3514 τραύματα
529 3432 606 3514 έχων
630 3432 760 3498 παντήσε
782 3432 833 3498 καὶ
857 3434 1001 3506 παντοίοις
1021 3431 1129 3508 ἱπλοις.
1152 3436 1235 3500 Vide
1256 3456 1351 3520 quam

224 3548 360 3613 ridicule
379 3555 489 3613 noster
510 3550 617 3612 omnia
638 3551 782 3612 oratione
801 3554 979 3633 exaggeret.
995 3548 1147 3613 Absurde
1158 3549 1213 3612 illa
1225 3545 1355 3612 παντόσε

225 3658 277 3725 καὶ
308 3661 453 3733 παντοὶοις
485 3660 582 3732 ἱπλοις
614 3665 649 3726 in
680 3662 857 3726 Hellenicis
880 3663 947 3745 (IV,
972 3664 1001 3745 3,
1026 3663 1080 3745 20)
1106 3681 1238 3746 prorsus
1262 3663 1355 3724 omit-

224 3779 346 3837 tuntur.
370 3774 436 3858 Ipsi
459 3776 509 3838 illi
533 3777 712 3860 scriptores,
735 3776 793 3859 qui
811 3776 1008 3839 laudatorem
1029 3773 1090 3838 sub
1113 3774 1215 3838 oculis
1235 3773 1355 3837 habue-

225 3892 311 3970 runt,
342 3888 394 3951 hic
417 3893 524 3952 tamen
548 3888 587 3951 ab
612 3908 648 3952 eo
672 3888 886 3952 recedendum
911 3907 981 3952 esse
1004 3887 1243 3951 intellexerunt.
1268 3885 1355 3962 Quo·

225 4021 300 4064 rum
335 4000 502 4067 Cornelius
535 4001 643 4087 Nepos
680 4002 753 4086 (Ag.
777 4004 809 4085 4)
840 4003 885 4065 ita
915 4002 1079 4085 loquitur:
1115 4002 1201 4083 ,etsi
1232 4000 1356 4084 aliquot

226 4115 361 4178 vulnera
383 4115 577 4201 acceperat”.
599 4116 793 4180 Plutarchus
820 4115 890 4199 (Ag.
915 4134 940 4178 c.
966 4115 1036 4198 19):
1062 4112 1165 4192 καίπερ
1189 4112 1243 4176 ὑπὸ
1268 4135 1355 4191 τραν-

226 4227 330 4305 μοὶτιον
359 4233 474 4292 πολλῶν
505 4233 602 4302 κακῶς
632 4229 665 4294 τὸ
697 4232 786 4306 σῶμα
817 4227 996 4305 διακείμενος
1024 4233 1054 4291 et
1079 4247 1105 4290 c.
1132 4227 1191 4290 36:
1217 4227 1277 4289 πῖον
1302 4225 1356 4290 ὑπὸ

225 4341 402 4423 τρανμοὶτοιν
425 4343 458 4407 τὸ
481 4347 571 4421 σῶμα
593 4341 863 4421 κατακεκομμένος,
888 4362 1028 4426 quorum
1053 4341 1113 4405 hoo
1141 4360 1245 4424 quum
1266 4340 1355 4406 idem
