3354 5268
877 561 919 624 18

338 747 445 812 subito
478 747 651 810 oraticnem
686 744 747 808 alio
778 746 888 808 vertit:
920 761 1015 808 ereo
1039 742 1075 806 fit
1099 747 1273 806 accusator.
1300 740 1458 806 Militibus

339 860 448 923 obiicit
477 878 591 941 pravos
616 875 720 921 mores
742 856 776 919 in
801 856 868 920 dies
891 855 1077 939 gliscentes:
1102 873 1184 937 opus
1208 873 1278 918 osse
1301 853 1460 937 significat

339 991 449 1036 severo
481 970 687 1050 moderatore,
718 969 774 1051 qui
804 966 977 1051 prohibeat,
1008 986 1050 1030 ne
1080 967 1120 1030 ad
1143 985 1253 1030 omnes
1277 965 1406 1030 sceleris
1429 968 1460 1029 et

338 1084 511 1166 impietatis
533 1081 621 1145 labes
644 1081 813 1164 perveniat.
839 1078 924 1155 Quid
948 1100 967 1143 a
987 1077 1128 1144 Cleareto
1148 1080 1282 1162 eiusque
1295 1077 1461 1159 militibus,

340 1197 453 1260 ceteris
487 1196 606 1276 insciis,
642 1196 683 1258 sit
712 1195 918 1257 commissum
943 1199 1058 1276 narret,
1084 1212 1165 1277 quae
1187 1194 1222 1256 in
1245 1193 1324 1276 ipsis
1348 1193 1461 1256 castris

340 1313 450 1392 postea
473 1311 559 1371 ortae
581 1307 646 1370 sint
668 1305 789 1387 turbae,
813 1307 869 1390 qui
891 1305 1010 1370 facturn
1036 1306 1077 1369 sit
1099 1311 1136 1369 ut
1159 1306 1304 1368 homines
1329 1305 1460 1367 minime

341 1420 429 1503 digni
451 1420 572 1482 iniusta
597 1438 675 1483 nece
697 1420 836 1502 perirent
859 1419 998 1502 exponit.
1023 1418 1084 1483 Sed
1109 1419 1187 1502 quid
1211 1437 1292 1501 opus
1315 1423 1363 1482 est
1387 1417 1464 1481 exili

343 1552 414 1597 mea
448 1533 607 1616 epitome?
638 1531 750 1596 Totum
783 1531 1053 1616 Xenophonteum
1087 1535 1183 1616 caput
1205 1532 1355 1615 relegisse
1379 1550 1457 1593 nun·

342 1667 439 1731 quam
461 1645 642 1729 poenitebit.
668 1644 812 1709 Profecto
837 1645 926 1708 nulla
945 1664 1086 1728 unquam
1109 1645 1221 1709 melior
1239 1643 1465 1724 fuitdefensio,

343 1780 441 1844 quam
473 1761 508 1822 in
542 1760 629 1842 ipsos
665 1763 866 1822 accusatores
898 1757 1025 1841 culpam
1058 1762 1253 1839 convertere,
1287 1757 1462 1839 nullusque

341 1891 416 1936 reus
439 1872 536 1935 huius
558 1872 602 1935 rei
627 1870 810 1934 facultatem
835 1870 896 1934 sibi
920 1869 1056 1932 oblatam
1081 1870 1235 1953 negliget:
1256 1889 1354 1953 quare
1378 1870 1464 1935 credi

341 1989 445 2069 potest
478 1989 508 2047 et
542 1982 799 2065 Xenophontem,
829 1982 988 2045 hominem
1020 1981 1059 2044 ad
1089 1981 1321 2065 imperandum,
1351 1983 1385 2046 id
1416 1986 1464 2048 est

343 2098 384 2160 ad
414 2096 670 2180 persuadendum
703 2100 811 2158 natum
836 2099 867 2158 et
889 2094 1008 2158 factum
1033 2113 1069 2158 ea
1092 2113 1202 2158 revera
1225 2096 1378 2159 adversus
1403 2098 1464 2159 ini-

343 2211 499 2273 micorum
539 2209 673 2272 crimina
707 2226 803 2270 usum
838 2225 916 2272 esse.
952 2205 1015 2270 Sed
1050 2212 1155 2270 tamen
1191 2208 1250 2271 hoc
1285 2228 1342 2291 pro
1378 2214 1462 2273 certo

343 2322 445 2385 ausim
471 2319 638 2399 affirmare,
657 2320 782 2382 etiamsi
800 2320 834 2381 in
855 2319 994 2382 militum
1016 2321 1161 2382 contione
1182 2319 1319 2384 Cleareti
1340 2321 1464 2384 facinus

344 2433 587 2516 legatorumque
605 2433 771 2494 interitum
791 2450 1040 2495 commemorare
1055 2432 1258 2515 neglexisset,
1271 2438 1377 2496 tamen
1392 2452 1465 2496 eum

345 2545 380 2606 in
404 2543 547 2606 Anabasi
571 2541 801 2606 conscribenda
819 2542 966 2606 lubenter
985 2544 1044 2606 hoc
1064 2544 1133 2607 loco
1151 2545 1237 2607 illam
1252 2547 1464 2608 narrationem

344 2656 541 2720 inserturum
570 2655 679 2736 fnisse,
711 2659 747 2718 ut
776 2656 820 2718 ita
851 2655 956 2733 rebus,
989 2676 1069 2738 quas
1099 2659 1167 2739 ipse
1199 2656 1332 2720 vidisset
1355 2663 1386 2721 et
1411 2676 1466 2720 ex-

345 2773 456 2852 pertus
479 2773 571 2850 esset,
591 2769 830 2849 demonstraret,
850 2788 946 2850 quam
965 2787 1040 2832 vere
1060 2770 1210 2852 magister
1230 2789 1309 2833 suus
1322 2770 1465 2832 docuerit

344 2882 386 2962 id,
411 2880 498 2964 quud
522 2886 570 2944 est
592 2883 626 2944 in
649 2900 746 2945 versu
769 2880 959 2965 Sophocleo:
979 2881 1127 2960 ἀναρχίας
1146 2881 1177 2945 δὲ
1198 2905 1245 2958 uer
1267 2905 1295 2945 ον
1317 2883 1368 2945 οὐκ
1389 2880 1467 2945 ἔστιν

345 2990 443 3056 κακόν.
468 2993 560 3057 Plato
581 2995 608 3056 si
628 2995 773 3058 militaris
794 2995 887 3057 homo
906 2993 1027 3075 fuisset,
1047 2994 1133 3057 haud
1153 2994 1249 3058 dubie
1269 2995 1347 3058 tales
1360 3015 1468 3058 narra-

347 3108 449 3169 tiones
474 3125 531 3170 seu
554 3125 645 3171 veras
669 3126 726 3171 seu
748 3106 839 3170 fictas
863 3107 984 3171 Socrati
1007 3106 1178 3171 tribuisset.

390 3217 504 3302 Neque
538 3220 646 3283 minus
677 3220 711 3282 in
744 3222 895 3302 oratione,
926 3239 1007 3303 quae
1038 3222 1186 3304 sequenti
1216 3223 1317 3305 capite
1341 3223 1467 3306 legitur,

348 3332 540 3416 discipulum
561 3334 773 3417 deprehendis
794 3334 932 3398 Socratis
952 3355 1119 3418 nunquam
1138 3336 1366 3417 immemorem,
1385 3337 1468 3400 eius-

348 3464 411 3530 que
430 3447 545 3529 placita
566 3445 795 3528 defendentem,
816 3447 844 3511 si
862 3467 926 3511 non
946 3467 1056 3511 revera
1076 3467 1176 3530 quum
1197 3467 1326 3511 causam
1342 3448 1469 3529 diceret,

348 3560 458 3624 saltem
491 3579 592 3643 quum
623 3561 658 3622 in
682 3561 745 3623 otio
769 3579 877 3624 rerum
900 3581 919 3624 a
942 3580 976 3624 se
998 3565 1160 3644 gestarum
1183 3567 1215 3624 et
1238 3562 1425 3625 contionum
1449 3581 1467 3624 a

349 3692 383 3738 se
405 3673 586 3737 habitarum
609 3673 773 3737 historiam
796 3679 1014 3758 componeret:
1037 3672 1176 3738 Socratis
1197 3675 1282 3738 enim
1301 3679 1468 3758 praecepto

349 3807 383 3852 se
417 3787 650 3870 obtemperasse
682 3787 885 3864 demonstrat,
917 3788 973 3870 qui
1007 3787 1130 3850 iustum
1163 3805 1268 3870 regem
1295 3787 1472 3870 ducemque

349 3899 439 3963 docet
462 3919 528 3962 non
552 3899 613 3962 alio
635 3900 768 3963 consilio
789 3901 908 3981 mortis,
930 3899 1045 3980 exsilii,
1065 3898 1222 3963 bonorum
1234 3899 1469 3982 publicationis,

349 4013 514 4096 virgarum
544 4031 645 4095 poena
675 4013 811 4096 plectere
841 4015 927 4076 cives
953 4013 1136 4095 militesque
1160 4033 1256 4096 quam
1281 4017 1332 4076 τοῦ
1358 4011 1472 4090 ἀγαθοῦ

349 4122 442 4196 ἕνεκα,
467 4144 607 4209 eumque
629 4127 663 4189 in
686 4145 723 4190 ea
746 4146 779 4191 re
803 4126 978 4210 comparari
1002 4143 1097 4207 posse
1120 4145 1194 4189 cum
1217 4126 1348 4207 medico,
1369 4127 1472 4208 quiet

348 4239 420 4322 ipse
443 4257 573 4322 aegrum
598 4237 705 4303 dolore
724 4238 831 4322 aliquo
850 4237 974 4302 afficere
994 4255 1059 4301 non
1082 4243 1235 4302 vereatur.
1247 4236 1472 4321 Xenophontis
