3348 5262
846 577 910 642 232

314 765 516 830 Athenaeum
551 783 615 828 non
651 765 780 848 quidem
811 769 894 828 reete
927 765 1074 845 sensisse,
1098 781 1180 846 quae
1211 762 1307 826 luerit
1329 763 1437 826 inimi-

313 880 470 961 citiarum,
501 898 581 963 quas
608 899 682 944 oum
704 878 919 963 Xenophonte
942 879 1120 943 exercuerit
1143 878 1244 960 Plato,
1265 879 1355 960 ratio,
1379 877 1437 942 sed

313 993 498 1056 inimicitias
520 993 605 1056 inter
627 992 698 1056 illos
720 991 820 1073 fuisse
842 993 967 1056 veritati
990 992 1216 1056 convenienter
1239 991 1277 1055 ab
1304 1010 1341 1056 eo
1365 1009 1436 1056 esse

317 1106 478 1170 traditum.

358 1218 399 1282 Π.
431 1216 586 1300 Nimium,
610 1222 647 1282 ut
670 1219 748 1282 mihi
772 1218 903 1302 quidem
926 1218 1063 1301 videtur,
1084 1217 1215 1302 Hugius
1242 1217 1437 1299 ,historicae

315 1332 420 1416 fidei'',
452 1353 547 1417 quam
578 1338 701 1415 vocant,
727 1332 951 1416 Xenophontis
974 1332 1097 1415 tribuit,
1119 1332 1170 1397 vel
1192 1334 1299 1417 potius
1321 1351 1436 1416 parum

315 1453 399 1512 recte
431 1467 504 1512 eum
533 1447 589 1511 illa
617 1446 841 1531 Xenophontis
872 1448 991 1512 virtute
1016 1467 1111 1512 usum
1133 1464 1203 1512 esse
1227 1446 1329 1510 credo.
1353 1445 1436 1510 Oen-

315 1561 417 1625 tendit
459 1563 544 1625 enim
581 1562 696 1643 omnia,
731 1579 813 1644 quae
847 1560 886 1624 de
921 1557 1037 1625 Calliae
1072 1562 1220 1624 convivio
1255 1564 1437 1642 narrantur,

316 1680 461 1738 accurate
495 1675 541 1738 sio
574 1678 663 1758 gesta
697 1693 775 1756 esse,
811 1678 848 1737 ut
878 1673 1059 1758 Xenophon
1082 1673 1219 1754 tradidit,
1242 1678 1437 1756 temporum-

316 1806 380 1871 que
414 1789 569 1851 raticnem
603 1786 642 1851 ab
678 1805 714 1851 eo
749 1787 885 1852 fideliter
918 1807 988 1852 esse
1023 1793 1189 1852 servatam.
1212 1786 1312 1852 Istam
1334 1785 1437 1871 Hugii

316 1903 505 1966 sententiam
540 1920 606 1964 non
639 1920 773 1985 possum
806 1920 872 1964 non
906 1901 1020 1965 acriter
1049 1902 1256 1985 impugnare:
1291 1901 1319 1964 si
1349 1902 1437 1966 enim

316 2033 391 2078 vcra
426 2019 517 2096 esset,
550 2033 615 2077 non
649 2014 753 2078 solum
788 2015 894 2078 omnia
928 2013 1105 2077 abiicienda
1136 2017 1250 2096 essent,
1281 2031 1363 2097 quae
1386 2031 1439 2076 oa·

315 2128 381 2211 pite
411 2128 513 2210 primo
545 2126 641 2190 huius
671 2125 745 2190 libri
776 2127 815 2190 de
836 2125 1060 2210 Xenophontis
1084 2130 1184 2190 aetate
1206 2125 1368 2210 disputavi
1391 2161 1436 2172 -

317 2259 399 2323 quae
444 2241 567 2303 iactura
612 2257 688 2303 sane
730 2239 810 2304 levis
852 2245 935 2303 esset
978 2276 1019 2286 —
1060 2240 1115 2303 sed
1158 2240 1198 2303 ad
1238 2240 1439 2323 ineptissima

317 2373 465 2438 quaeque
499 2353 725 2418 delaberemur.
757 2352 840 2416 Nam
876 2354 903 2417 si
937 2350 1052 2417 Callias
1083 2352 1162 2416 illud
1193 2355 1378 2418 convivium
1400 2355 1437 2418 in

316 2468 469 2549 Autolyci
498 2468 651 2531 honorem
679 2487 705 2530 a.
730 2467 794 2530 422
819 2468 941 2550 paravit
965 2505 1006 2512 —
1031 2467 1117 2550 quod
1141 2467 1227 2531 haud
1249 2467 1438 2551 spernendis

317 2582 513 2665 argumentis
555 2581 741 2644 Athenaeus
776 2580 978 2662 demonstrat,
1013 2599 1118 2664 neque
1153 2579 1374 2664 Schneiderus,
1408 2583 1438 2646 si

317 2700 400 2758 recte
430 2714 505 2759 eum
535 2695 690 2774 intellexi,
714 2694 820 2778 (paulo
852 2695 937 2758 enim
962 2692 1128 2758 obscurior
1150 2712 1187 2758 ea
1209 2713 1283 2777 pars
1307 2693 1438 2758 Schnei-

317 2808 464 2872 derianae
496 2808 720 2892 disputationis
751 2810 810 2890 θεῖ)
841 2813 937 2893 negat
968 2845 1009 2854 —
1039 2807 1230 2891 Xenophon,
1254 2809 1310 2891 qui
1334 2827 1368 2872 se
1389 2808 1438 2872 illi

317 2923 464 2984 convivio
499 2920 639 2985 adfuisse
674 2927 789 3003 narrat,
820 2926 891 3006 post
921 2941 1043 2985 annum
1075 2921 1139 2984 440
1163 2927 1258 2985 natus
1282 2927 1436 2986 nonest:

317 3052 391 3118 ergo
426 3054 462 3099 θο
497 3041 646 3119 tempore,
677 3055 740 3118 quc
772 3055 806 3100 se
835 3036 968 3119 imperio
999 3035 1142 3099 nondum
1168 3040 1329 3099 maturum
1353 3036 1438 3118 dicit,

317 3168 438 3213 annum
462 3151 572 3213 aetatis
593 3150 873 3234 quadragesimum
895 3148 1024 3235 agebat!
1038 3148 1158 3212 Mirum
1169 3154 1217 3213 est
1230 3150 1315 3213 viros
1328 3148 1437 3213 doctos

318 3282 461 3346 unquam
497 3262 651 3327 Convivis
686 3283 762 3328 usos
793 3283 863 3329 esse
894 3263 933 3327 ad
964 3262 1189 3347 Xenophontis
1220 3265 1304 3327 vitae
1335 3282 1437 3327 annos

317 3377 575 3440 constituendos:
610 3377 683 3441 luce
713 3379 797 3441 enim
829 3379 946 3442 clarius
978 3383 1034 3459 est,
1065 3376 1309 3460 Xenophontem
1341 3378 1375 3440 in
1399 3395 1436 3441 eo

315 3490 398 3553 libro
434 3489 600 3555 scribendo
633 3491 871 3575 chronologiam
903 3492 1034 3555 minime
1063 3509 1200 3572 curasse,
1225 3491 1383 3575 siquidem
1406 3496 1438 3555 θῖ

317 3605 478 3670 Socratem
512 3606 636 3669 inducit
667 3612 767 3671 semet
796 3608 904 3690 ipsum
934 3603 1101 3685 πρεσβύτην
1133 3604 1351 3688 appellantem,
1381 3605 1438 3687 qui

316 3726 393 3784 tunc
415 3721 566 3803 temporis
590 3720 681 3782 47um
702 3721 812 3784 aetatis
832 3740 953 3783 annum
976 3718 1095 3803 agebat.
1110 3717 1235 3795 Quanto
1247 3718 1438 3802 prudentius

316 3835 500 3916 rectiusque
525 3833 563 3897 de
587 3834 737 3898 historica
758 3833 904 3897 Convivii
923 3831 1330 3915 fideiudicatRoquettiuS,
1343 3833 1438 3896 cuius

316 3947 367 4010 hic
391 3945 487 4010 verba
511 3966 621 4011 eorum
641 3948 743 4031 gratia
763 3945 876 4029 citabo,
897 3945 1016 4029 quibus
1037 3947 1163 4030 egregia
1176 3947 1245 4009 eius
1258 3946 1438 4010 dissertatio

316 4061 355 4124 de
386 4061 610 4145 Xenophontis
644 4062 709 4125 vita
731 4080 807 4145 prae
831 4060 980 4124 manibus
1007 4078 1071 4123 non
1095 4065 1158 4124 est:
1184 4060 1320 4143 cognovi
1343 4061 1441 4141 enim,

316 4195 421 4258 neque
445 4177 551 4255 miror,
575 4177 840 4258 praestantissimi
862 4173 961 4238 libelli
983 4175 1047 4237 iam
1069 4192 1138 4237 θεεθ
1158 4174 1319 4238 divendita
1331 4192 1440 4238 exem-

316 4289 433 4375 plaria:
469 4294 676 4376 „temporum
707 4290 863 4356 rationem
894 4306 959 4354 non
982 4306 1114 4373 prorsus
1137 4289 1285 4370 servavit,
1309 4306 1381 4350 cum
1407 4291 1440 4351 θῖ
