3354 5268
866 566 907 628 26

321 752 412 814 simis
454 750 651 833 argumentis
684 754 810 832 tempus
846 747 964 813 definit.
999 749 1188 815 Rectissime
1221 754 1306 816 enim
1342 757 1436 836 negat

320 861 532 946 Megabyzum
557 860 634 925 belli
656 867 795 944 tempore
814 859 962 946 Olympia
982 868 1199 946 spectatorum
1218 866 1253 926 in
1273 864 1438 928 Graeciam

321 977 463 1054 venisse;
496 994 662 1059 quumque
687 977 790 1059 prime
813 981 885 1060 post
911 995 1019 1059 pacem
1043 977 1265 1042 Antalcideam
1288 976 1438 1061 Olympia

321 1109 347 1151 a.
372 1090 436 1150 384
463 1086 620 1151 celebrata
643 1089 716 1169 sint,
739 1086 778 1150 ad
802 1087 888 1151 hunc
911 1089 1016 1170 ipsum
1041 1108 1162 1152 annum
1185 1087 1352 1172 Megabyzi
1378 1091 1438 1153 iter

321 1199 423 1264 refert.
447 1198 532 1282 Ergo
559 1200 712 1282 'templum
733 1197 857 1262 Dianae
878 1218 951 1263 cum
976 1219 1051 1282 agro
1072 1200 1229 1264 adiacenti
1249 1220 1314 1265 nen
1335 1203 1438 1284 potuit

321 1317 394 1376 ante
428 1332 550 1376 annum
586 1314 649 1376 383
681 1313 878 1376 consecrari:
911 1331 1012 1395 quum
1044 1317 1150 1376 autem
1175 1313 1213 1377 de
1235 1313 1325 1378 festis
1348 1315 1438 1378 anni-

322 1427 470 1489 versariis
501 1424 563 1488 iam
595 1423 757 1504 dispuentes
779 1423 937 1488 celebratis
959 1424 1141 1507 Xenophon
1165 1425 1325 1508 loquatur,
1348 1426 1438 1490 locus

322 1537 360 1600 de
392 1557 456 1620 quo
488 1538 613 1620 agimus
644 1544 717 1599 ante
744 1555 864 1598 annum
891 1537 954 1598 380
978 1537 1115 1619 scriptus
1138 1556 1203 1599 non
1226 1542 1282 1600 θεῖ.
1305 1536 1439 1602 Minime

320 1655 426 1712 tamen
465 1647 628 1731 probabile
661 1653 717 1727 θεῖ
749 1645 996 1710 Scilluntianum
1026 1647 1191 1730 praedium
1222 1648 1380 1733 ludosque
1403 1650 1437 1712 in

321 1760 443 1825 Dianae
465 1762 618 1824 honorem
641 1759 687 1823 ibi
710 1759 863 1823 celebrari
888 1760 997 1824 solitos
1020 1759 1278 1843 aXenophonte.
1291 1768 1437 1825 accurate

321 1892 390 1936 esse
414 1873 597 1956 descriptos,
621 1892 722 1955 quum
745 1873 808 1935 iam
833 1871 984 1934 Eleorum
1008 1873 1185 1956 irruptione
1204 1874 1324 1937 eiectus
1337 1878 1436 1938 esset:

321 2005 362 2049 ex
392 1991 458 2049 tota
481 1987 564 2048 enim
590 1985 645 2049 illa
668 1986 849 2048 narratione
873 1985 1058 2068 scriptorem
1083 1986 1159 2048 satis
1183 1991 1313 2068 apparet
1335 1985 1435 2050 fortu-

323 2105 433 2161 natum
462 2116 533 2161 esse
565 2098 633 2181 agri
655 2095 863 2180 Deorumque
886 2097 1049 2177 cultorem,
1072 2097 1165 2160 cuius
1188 2098 1254 2160 vita
1278 2099 1385 2181 quieta
1407 2103 1437 2162 et

322 2230 433 2274 secura
455 2210 633 2274 nuliisdum
653 2209 780 2272 turbata
799 2210 840 2272 sit
853 2208 943 2272 bellis
956 2209 1160 2292 hostiumque
1174 2211 1276 2273 minis.
1289 2209 1438 2274 Fidenter

320 2325 418 2408 igitur
445 2329 631 2403 statuemus
653 2322 902 2405 Xenophontem
926 2322 965 2385 de
988 2323 1055 2385 vita
1079 2342 1137 2385 sua
1160 2324 1287 2398 rustica,
1311 2323 1437 2386 honori·

322 2435 449 2518 busque
471 2456 490 2499 a
513 2454 547 2498 se
569 2433 690 2497 Dianae
712 2435 828 2498 habitis
847 2435 882 2495 in
902 2432 1044 2497 Anabasi
1063 2435 1212 2498 retulisse
1230 2442 1303 2519 post
1315 2456 1434 2499 annum

322 2549 395 2629 380,
418 2548 474 2612 sed
497 2552 570 2610 ante
593 2566 713 2610 annum
738 2547 811 2609 371.

364 2660 492 2743 Ergone
515 2659 681 2722 Anabasin
705 2660 819 2741 viginti
843 2659 1011 2721 minimum
1036 2660 1129 2722 annis
1152 2665 1224 2742 post
1248 2659 1323 2740 Cyri
1343 2679 1437 2743 expe-

322 2774 471 2838 ditionem
504 2773 708 2856 periculaque
732 2774 767 2834 in
790 2772 894 2835 reditu
919 2792 937 2834 a
959 2771 1173 2854 Xenophonte
1197 2774 1331 2855 eiusque
1354 2774 1436 2835 mili-

321 2886 408 2951 tibus
441 2887 573 2950 tolerata
608 2886 757 2968 scriptam
792 2903 862 2948 esse
895 2885 1105 2948 censeamus?
1138 2884 1209 2948 Hoc
1239 2904 1369 2968 quoque
1399 2891 1437 2950 ut

321 2999 446 3063 credam
480 3018 544 3061 non
574 2998 667 3060 facile
697 2997 845 3059 adducor.
881 2995 993 3076 „Quid
1023 2996 1119 3079 ergo''
1143 2997 1242 3060 lector
1264 2998 1308 3060 ait
1336 2999 1435 3077 „uni-

321 3131 436 3175 cumne
466 3112 617 3193 temporis
641 3110 804 3190 indicium,
829 3109 914 3191 quod
939 3115 1060 3173 certum
1085 3115 1116 3173 et
1138 3111 1343 3193 perspicuum
1367 3128 1437 3173 esse

320 3225 523 3304 concesseris
546 3223 754 3305 negligamus,
778 3241 818 3284 an
845 3221 931 3284 hunc
955 3241 1083 3305 quoque
1107 3222 1224 3304 locum,
1247 3224 1303 3306 qui
1326 3229 1374 3286 est
1398 3222 1437 3286 de

320 3337 448 3420 praedio
479 3333 688 3398 Scilluntiano
720 3335 866 3416 spurium
895 3340 926 3398 et
948 3336 1123 3398 insiticium
1148 3354 1218 3398 esse
1239 3333 1436 3417 putemus?”

319 3448 453 3511 Minime
476 3448 571 3510 vero!
595 3445 657 3510 Sed
679 3446 739 3510 hoc
761 3446 918 3510 indicium
938 3447 978 3509 ad
998 3447 1128 3510 alteram
1141 3452 1264 3510 tantum
1277 3446 1436 3511 Anabasis

319 3567 438 3643 partem
464 3560 608 3642 pertinet,
631 3559 663 3620 in
688 3560 791 3641 priore
815 3565 903 3642 parte
926 3561 971 3622 nil
991 3561 1163 3640 invenitur,
1183 3559 1270 3642 qnod
1289 3566 1352 3622 tam
1365 3579 1435 3623 sero

320 3691 390 3736 eam
421 3673 569 3755 scriptam
600 3690 670 3735 esse
701 3671 864 3754 significet.
889 3670 1051 3736 Contendo
1074 3674 1158 3736 enim
1182 3670 1346 3734 Anabasin
1370 3690 1435 3733 non

320 3803 386 3847 uno
417 3784 592 3866 eodemque
622 3789 764 3866 tempore
795 3804 813 3846 a
843 3783 1058 3866 Xenophonte
1081 3785 1231 3865 scriptam
1254 3782 1436 3865 editamque

320 3915 398 3977 esse,
422 3897 478 3960 sed
501 3906 564 3960 tres
583 3897 773 3978 posteriores
791 3896 890 3960 libros
911 3897 1019 3960 multis
1039 3898 1131 3960 annis
1150 3902 1222 3979 post
1234 3897 1353 3979 priores
1366 3915 1436 3960 esse

320 4008 492 4091 evulgatos.
518 4007 617 4071 Cuius
638 4009 797 4090 opinionis
816 4009 877 4071 tria
890 4009 967 4070 mihi
979 4008 1088 4070 videor
1099 4006 1216 4071 hebere
1229 4013 1433 4090 argumenta:

366 4123 393 4184 1.
416 4120 586 4185 Librorum
611 4123 752 4204 priorum
775 4126 912 4203 quatuor
934 4120 1116 4184 eonsilium,

366 4235 394 4295 2.
418 4231 671 4318 Discrepantiam
695 4250 776 4317 quae
795 4237 843 4296 θεῖ
855 4233 938 4296 inter
948 4233 1085 4317 priorem
1097 4238 1219 4318 partem
1230 4230 1436 4318 alteramque.
