3330 5262
865 633 929 698 364

374 821 399 904 1,
424 821 473 884 12.
506 819 657 883 Chabrias
682 823 774 884 nocte
796 818 956 903 Aeginam
981 817 1136 902 appulsus
1158 836 1234 880 cum
1260 817 1369 882 decem
1394 819 1451 882 tri-

329 933 474 999 remibus
498 938 530 998 et
553 932 745 1017 octingentis
768 931 912 1017 peltastis
935 932 994 996 hos
1016 950 1033 996 e
1055 930 1192 996 navibus
1216 932 1348 1015 exponit
1370 936 1402 996 et
1421 931 1451 996 ἕν

329 1045 414 1127 κρίνῳ
437 1043 531 1126 χωρίῳ
554 1047 589 1110 in
613 1045 739 1110 insidiis
763 1045 912 1109 collocat:
936 1045 1145 1129 primamne,
1170 1045 1449 1129 quemadmodum

329 1161 542 1224 constitutum
579 1163 655 1243 erat,
685 1157 885 1223 advenerunt
914 1157 1051 1224 Athenis
1082 1157 1221 1242 hoplitae
1251 1159 1342 1242 (quos
1365 1178 1450 1243 ergo,

329 1292 528 1357 quamquam
559 1273 593 1335 in
623 1270 889 1357 praecedentibus
921 1271 1044 1335 dietum
1078 1275 1126 1335 est
1148 1269 1323 1349 προσλαβὼν
1346 1267 1377 1334 δὲ
1400 1269 1450 1334 καί

329 1386 484 1460 Ἀίνίννίεν
527 1382 627 1457 ἄλλας
660 1408 694 1448 τε
727 1387 799 1456 ναῦς
834 1380 887 1448 καί
922 1381 1056 1455 ὁπλίτας,
1090 1403 1156 1448 non
1191 1385 1298 1447 statim
1335 1403 1446 1448 secum

329 1500 486 1582 duxerat),
520 1499 602 1564 duce
632 1496 828 1563 Demaeneto
860 1501 892 1562 et
921 1497 984 1561 alio
1014 1495 1084 1561 loco
1108 1497 1260 1580 (sedecim
1284 1497 1385 1561 stadia
1407 1496 1448 1562 ab

328 1632 374 1698 eo,
398 1614 455 1677 ubi
472 1613 622 1698 peltastas
641 1631 718 1677 suos
738 1611 947 1676 collocaverat
966 1609 1129 1693 Chabrias)
1142 1608 1305 1687 ἀνέβαινον.
1319 1607 1449 1682 ἀκούσας

327 1726 359 1791 et
388 1731 488 1792 ταῦτα
518 1723 531 1789 ὃ
562 1725 722 1807 Γοργώπας
753 1727 822 1810 (qui
845 1745 921 1789 cum
945 1725 1103 1809 praesidio
1127 1723 1282 1809 Spartano
1304 1724 1448 1810 Aeginae

327 1844 477 1926 praeerat.
508 1839 693 1904 Pronomen
724 1844 833 1904 autem
862 1842 963 1902 ταῦτα
994 1838 1033 1902 ad
1055 1837 1246 1903 Demaeneti
1270 1839 1445 1904 adventum

327 1959 360 2020 et
381 1951 531 2031 νίννίβασιν
553 1953 756 2018 referendum
781 1956 838 2034 est)
862 1971 939 2016 cum
961 1969 1079 2036 magno
1100 1953 1243 2016 exercitu
1257 1949 1448 2018 Demaeneti

327 2070 435 2152 copias
469 2086 680 2152 aggressurus
714 2085 756 2131 ex
787 2066 867 2131 urbe
897 2065 1115 2150 proficiscitur.
1140 2065 1329 2150 Sequuntur
1350 2068 1446 2132 haec:

326 2179 388 2246 ἐπεὶ
418 2180 449 2246 δὲ
480 2176 680 2262 παρήλλαξαν
711 2179 735 2245 ol
760 2183 863 2261 πρῶτον
886 2178 939 2253 τὴν
960 2178 1083 2260 ἐνέδραν,
1107 2175 1315 2254 ἐξανίστανται
1337 2180 1361 2244 ol
1383 2179 1447 2262 περὶ

326 2293 375 2358 τὸν
399 2292 541 2374 Χαβρίαν,
570 2290 622 2356 καί
647 2291 728 2366 εὐθὺς
751 2289 899 2372 ἠκόντιζον
919 2289 972 2356 καί
996 2289 1133 2369 ἔβαλλον.
1158 2292 1271 2373 ἐπῇσαν
1295 2292 1326 2356 δὲ
1349 2291 1401 2357 καί
1424 2293 1448 2358 ol

326 2407 436 2471 ἐκτῶν
459 2409 525 2469 νεῶν
547 2402 771 2483 ἀποβεβηκότες
794 2404 924 2470 ὁπλῖται.
949 2405 1057 2470 Verba
1078 2411 1187 2470 autem
1211 2402 1234 2470 ol
1257 2406 1289 2470 ἐκ
1310 2409 1366 2470 τῶν
1380 2410 1447 2471 νεῶν

325 2517 585 2597 νίπρβεβνιιίτεςί
588 2525 694 2582 aeirus
716 2519 855 2584 absurda
879 2519 959 2582 mihi
981 2519 1092 2584 vident
1080 2524 1148 2584 t:ur
1173 2520 1346 2584 amnibus
1364 2520 1448 2585 caim

325 2633 439 2717 εριιεεί
460 2637 538 2698 sunt
559 2653 671 2698 omnes
693 2627 839 2718 hoplitae,
860 2637 897 2697 ut
915 2633 1042 2716 opinor;
1055 2637 1177 2717 partem
1191 2652 1305 2698 eorum
1318 2653 1448 2699 reman-

326 2749 406 2813 sisse
441 2766 546 2831 neque
579 2744 742 2830 probabile
777 2750 825 2810 est
848 2765 953 2829 neque
976 2746 1142 2810 traditum.
1165 2743 1287 2831 Opinor
1309 2766 1377 2812 rem
1402 2749 1447 2812 ita

324 2865 395 2946 gest
396 2881 449 2924 am
486 2878 564 2942 esse,
600 2864 636 2923 ut
669 2859 750 2924 solet
780 2859 835 2922 ubi
859 2860 897 2924 de
918 2860 1044 2924 insidiis
1068 2865 1231 2924 narratur:
1258 2860 1314 2924 ubi
1337 2861 1446 2927 hostes

325 2974 404 3038 nihil
447 2974 601 3058 suspicati
635 2973 826 3038 insidiarum
861 2973 968 3037 locum
1004 2978 1092 3058 praet
1093 2974 1243 3056 erierunt,
1221 2975 1379 3039 tsimul
1414 2980 1446 3040 et

323 3089 425 3172 impet
426 3107 481 3150 um
515 3087 638 3151 faciunt
667 3087 794 3170 milites,
827 3089 941 3172 quiin
964 3092 1072 3172 aperto
1095 3088 1165 3152 loco
1191 3093 1267 3153 sunt
1291 3089 1445 3174 dispositi,

325 3205 425 3266 etex
447 3201 574 3265 insidiis
597 3200 778 3284 prosiliunt,
803 3202 860 3286 qui
882 3201 927 3264 ibi
950 3205 1040 3265 erant
1026 3201 1247 3266 tabsoonditi.
1272 3200 1446 3277 Quaeritur

325 3335 417 3399 ergo
442 3334 505 3399 quo
529 3316 599 3379 luco
623 3314 757 3380 insidiae
778 3313 898 3380 fuerint
920 3317 1003 3399 posit
1004 3335 1050 3398 ae,
1074 3335 1138 3398 quo
1151 3317 1272 3380 steterit
1284 3317 1445 3381 exercrtus

324 3427 434 3511 (hoplit
435 3429 551 3511 arum),
586 3445 692 3511 neque
726 3426 853 3493 difficile
889 3433 937 3493 est
924 3429 1011 3493 tad
1042 3432 1220 3514 utrumque
1243 3429 1444 3513 respondere.

323 3539 459 3606 Disertis
488 3543 575 3606 enim
603 3541 709 3606 verbis
733 3542 811 3606 haec
835 3547 961 3606 narrata
985 3547 1077 3608 sunt:
1102 3541 1132 3604 ἕν
1155 3541 1239 3622 κιίλιρ
1261 3540 1356 3623 χωρίῳ
1378 3542 1443 3616 ἐνί-

323 3653 435 3736 apsaro
459 3649 530 3720 et
513 3677 579 3728 νκον
601 3655 625 3719 ol
644 3653 835 3728 Αίνναίων’
823 3662 944 3720 oratam
964 3679 1015 3721 και
1006 3654 1264 3734 ανὲβαινον·
1284 3659 1319 3721 in
1332 3662 1443 3723 monte

323 3788 397 3854 ergo
430 3769 556 3834 stabant
543 3771 760 3854 thoplitae,
750 3791 785 3835 1n
809 3771 891 3836 valle
913 3772 978 3856 pelt
979 3793 1013 3836 as
1014 3777 1065 3838 tae
1014 3771 1281 3838 tinsidiabant
1268 3776 1329 3837 tun
1356 3771 1442 3848 Qua-

322 3887 451 3966 propter
474 3883 567 3948 credo
594 3883 842 3968 Xenophontem
869 3886 1032 3969 scripsisse
1055 3885 1168 3965 tapsar
1191 3882 1223 3947 bi
1245 3888 1297 3947 καί
1320 3883 1344 3948 oi
1364 3884 1439 3947 ανα-

322 3992 520 4073 βεβνκίτεςί
522 4002 634 4070 πλιται,
658 3997 755 4062 verbo
779 4003 885 4062 autem
911 3996 1167 4076 νίναβεβνιιίτες
1158 4019 1193 4062 111
1215 3994 1440 4076 απνβεβνκίτες

322 4116 470 4195 corrupto
502 4112 641 4194 aliquem
672 4112 855 4196 explicandi
876 4131 974 4176 causa
997 4112 1241 4197 adscripsisse’
1226 4135 1259 4175 εκ
1282 4114 1338 4174 τῶν
1361 4114 1437 4174 νεῶν.

365 4222 391 4306 Ι,
416 4221 507 4288 14.’
495 4219 514 4296 ν’
543 4247 579 4301 γε
610 4247 670 4302 μνν
694 4222 799 4304 tripa‘
784 4247 800 4296 ν
823 4222 925 4302 ἔρι’
906 4221 1030 4304 ανέῳκτι
1054 4221 1109 4303 μὲν
1132 4223 1225 4299 δήν-ον
1246 4223 1298 4288 καί
1321 4222 1439 4305 πρίσίεν

322 4333 434 4400 εἰσιέναι
456 4336 497 4416 τῷ
520 4334 643 4418 δεομένῳ
668 4359 695 4401 τι
719 4337 801 4414 ἐμοῦ,
826 4332 982 4418 ἀνεῴξεται
1003 4334 1034 4400 δὲ
1056 4335 1106 4402 καί
1129 4341 1188 4402 νῦν.
1213 4337 1345 4421 Propter
1367 4335 1439 4399 infi-
