3352 5260
220 847 255 886 τε
287 821 386 896 ἄλλων
415 821 577 902 προςτίώνοι
607 822 680 894 art,
711 824 802 886 nulla
832 828 1031 907 satraparum
1061 827 1223 888 mentione
1253 824 1344 888 facta.

265 937 323 1020 IV,
352 939 381 1000 8.
404 936 521 1018 Verba,
545 956 683 1020 quorum
706 937 801 1001 modo
824 943 945 1020 partem
969 939 1076 1020 citavi,
1099 940 1146 1002 sio
1169 940 1205 1001 in
1228 939 1344 1002 codici-

221 1049 283 1114 bus
314 1049 600 1114 eircumferuntur:
632 1046 685 1112 καὶ
712 1044 759 1120 οὓς
782 1049 837 1125 μὲν
859 1046 896 1112 ἂν
918 1047 1093 1123 αἰσθάνηται
1115 1054 1172 1112 τών
1195 1049 1345 1130 οὶρχώντων

220 1159 439 1239 οννοικονμένην
468 1185 502 1224 τε
529 1160 583 1234 τὴν
604 1161 706 1241 χώραν
727 1159 950 1241 παρεχομένους
973 1159 1025 1225 καὶ
1048 1163 1159 1242 ε’νεργὸν
1180 1155 1269 1226 οὖσαν
1291 1162 1345 1236 τὴν

219 1281 277 1352 γῆν
308 1272 360 1338 καὶ
391 1273 486 1354 πλήρν
517 1272 654 1353 δένδρων.
669 1321 676 1336 .
691 1321 721 1336 ..
754 1272 865 1346 τούτοις
885 1273 940 1351 μὲν
971 1274 1033 1338 κτὲ.
1058 1273 1137 1350 Quis
1160 1295 1225 1340 non
1246 1276 1344 1340 verbo
1442 1347 1447 1352 ,

220 1389 404 1453 admonitus
424 1389 583 1472 intelligit,
607 1387 705 1453 verba
726 1385 780 1459 τὴν
799 1393 855 1464 γῆν
875 1409 942 1451 non
961 1388 1064 1451 solum
1084 1389 1242 1454 inutiliter
1261 1389 1345 1472 addi,

220 1504 277 1568 sed
312 1505 408 1568 etiam
444 1509 637 1568 structuram
673 1505 848 1568 sententiae
880 1505 920 1566 iis
950 1503 1173 1586 pessumdari?
1207 1503 1345 1568 Prorsus

221 1619 306 1683 enim
340 1617 425 1681 idem
458 1624 506 1682 est
534 1618 568 1680 in
601 1617 660 1680 hae
691 1618 874 1680 narratione
904 1622 944 1692 γῆ
976 1621 1007 1680 ot
1036 1615 1130 1695 χώρα.
1156 1616 1239 1682 Vide
1261 1618 1281 1698 ξ
1305 1619 1343 1680 8:

219 1729 308 1810 οὶργών
330 1754 364 1793 τε
386 1729 440 1802 τὴν
461 1730 562 1810 χώραν
585 1723 673 1792 οὖσαν
695 1727 748 1792 καὶ
771 1727 982 1809 ὀλιγώνώρωπον
1005 1736 1036 1794 et
1057 1731 1113 1793 10:
1135 1729 1345 1811 ὄλιγώνώρωπών

218 1868 253 1908 τε
276 1843 449 1924 παρέχηται
471 1842 523 1936 καὶ
546 1844 635 1924 οὶργὸν
657 1843 710 1916 τὴν
733 1843 843 1923 χώραν.

264 1959 321 2041 IV,
346 1961 396 2022 13.
419 1959 607 2035 ἐπιμελεῖται
626 1956 733 2021 τούτων
756 1960 832 2043 (τῶν
850 1957 971 2043 χωρῶν)
993 1956 1070 2030 ὅπως
1088 1958 1177 2029 κῆποί
1186 1957 1344 2024 τεέοονται

221 2072 245 2136 οἱ
275 2069 441 2151 παρώδειοοι
471 2069 645 2148 καλούμενοι
674 2067 793 2134 πώντων
824 2073 922 2133 κοιλών
951 2094 986 2133 τε
1011 2069 1064 2134 καὶ
1087 2071 1207 2148 οὶγαώών
1231 2073 1344 2149 μεστοί.

220 2185 463 2249 Absurdissime
493 2186 571 2250 haee
602 2185 686 2248 dieta
715 2191 808 2248 sunt:
841 2205 882 2248 an
914 2187 976 2249 nisi
1001 2204 1127 2268 operam
1152 2186 1242 2254 daret
1263 2186 1344 2270 Rex,

220 2298 244 2362 οἱ
266 2297 434 2378 παράδεισοι
456 2318 521 2362 non
545 2299 781 2370 assentaturi?
803 2296 1001 2373 Quantooius
1020 2299 1108 2362 istud
1119 2305 1205 2372 κῆποι
1216 2301 1345 2364 eiicien-

221 2413 298 2476 dum
322 2417 380 2493 est,
404 2412 575 2495 quodiam
599 2412 677 2493 loco,
700 2410 757 2475 ubi
778 2413 921 2495 positum
944 2417 1001 2494 est,
1024 2414 1179 2495 arguitur.

263 2525 320 2606 IV,
353 2527 403 2587 21.
434 2522 498 2587 ἐπεὶ
530 2524 561 2587 δὲ
592 2522 759 2604 ἐθαύμαζεν
781 2524 871 2588 αὐτὸν
894 2525 907 2588 ὃ
931 2522 1098 2604 Λύσανδρος
1123 2527 1161 2597 ώς
1184 2523 1266 2593 καλώ
1289 2526 1344 2603 μὲν

219 2637 260 2700 τοὶ
282 2637 385 2718 δένδρα
407 2635 459 2709 εἴν.
482 2639 601 2703 Nullus
624 2640 676 2702 hio
694 2641 877 2723 pronomini
899 2637 989 2702 αὐτόν
1011 2640 1101 2704 loeus
1124 2645 1179 2704 est.

265 2751 367 2834 Caput
390 2752 428 2833 V,
452 2755 481 2816 4.
505 2753 713 2836 Agricultura
736 2751 803 2824 τοὺς
826 2753 881 2829 μὲν
904 2751 1079 2833 αὐτουργοὺς
1098 2752 1146 2816 διὰ
1165 2757 1222 2816 τών
1240 2757 1344 2834 χειρῶν

218 2862 415 2944 γομνώζονοα
438 2865 526 2944 ἰσχὺν
548 2866 651 2937 αὐτοῖς
674 2865 845 2944 προςτίώνοι,
869 2866 936 2936 τοὺς
961 2865 992 2928 δὲ
1016 2873 1052 2944 τῇ
1076 2865 1231 2950 ἐπιμελείᾳ
1253 2890 1343 2947 γεωρ-

219 2980 346 3054 γοῦντας
376 2975 499 3056 οὶνδρίζει
528 2978 588 3040 art.
621 2977 705 3042 Satis
736 2980 911 3061 perspicue,
934 2984 972 3042 ut
994 2980 1115 3062 opinor,
1138 2981 1167 3043 is
1189 2980 1343 3063 loquitur,

220 3093 277 3174 qui
310 3093 396 3155 inter
429 3112 463 3157 se
497 3094 628 3176 opponit
660 3091 728 3163 τοὺς
760 3090 935 3172 αὐτουργούς
967 3099 999 3156 et
1029 3091 1096 3165 τοὺς
1127 3101 1163 3172 τῇ
1186 3093 1342 3176 ἐπιμελείᾳ

217 3208 429 3282 γεωργοῦντας,
465 3224 539 3267 nam
574 3203 729 3284 αὐτουργοί
761 3211 838 3269 sunt
872 3207 928 3289 qni
962 3211 1029 3277 ταῖς
1058 3205 1144 3286 χερσὶ
1174 3211 1343 3287 γεωργοῦσι.

218 3315 395 3381 Deleantur
425 3337 500 3401 ergo
524 3318 621 3381 verba
643 3317 692 3380 δια
714 3321 770 3379 τῶν
793 3321 905 3397 χειρῶν,
931 3338 1014 3402 quae
1038 3326 1070 3383 et
1091 3340 1223 3403 prorsus
1244 3323 1343 3385 inuti-

218 3432 292 3494 liter
314 3430 422 3494 addita
444 3437 475 3495 et
497 3450 647 3514 perverso
670 3431 740 3494 loeo
762 3434 866 3515 posita
887 3439 972 3496 sunt.

263 3544 304 3625 V,
337 3545 365 3607 7.
397 3548 533 3625 παρορμᾷ
563 3542 595 3606 δέ
620 3566 649 3606 τι
672 3541 722 3606 καὶ
744 3543 784 3615 εἷς
806 3544 839 3606 τὸ
861 3542 978 3624 ἀρήγειν
1001 3543 1053 3607 σὺν
1076 3542 1175 3620 ώπλοις
1197 3555 1234 3628 τῇ
1257 3548 1342 3630 χώρα

219 3654 271 3718 καὶ
297 3656 313 3728 ἡ
337 3662 377 3733 γῆ
400 3659 467 3728 τοὺς
490 3654 643 3735 γεωργούς.
668 3656 759 3720 Certe
781 3659 964 3722 coniunctio
988 3657 1048 3730 καί,
1069 3678 1152 3742 quae
1170 3667 1244 3724 ante
1263 3660 1279 3732 ἡ
1300 3666 1341 3736 γῆ

218 3770 345 3852 legitur,
379 3769 514 3832 delenda
545 3775 609 3848 est3
642 3769 698 3832 sed
729 3769 856 3833 mallem
888 3775 991 3834 totum
1012 3771 1101 3834 istud
1123 3779 1160 3851 τῇ
1183 3772 1268 3853 χώρα
1291 3771 1344 3836 καί

219 3882 360 3946 abesset:
397 3882 574 3945 absurdum
604 3883 689 3945 euim
720 3882 864 3946 videtur:
896 3883 913 3954 ἦ
944 3889 985 3959 γῆ
1008 3887 1142 3964 παρορμᾷ
1164 3884 1280 3964 ἀρήγειν
1302 3893 1339 3965 τῇ

218 3995 312 4077 χώρρ.
348 3995 498 4058 Vidimus
532 4014 574 4058 ne
603 3994 752 4058 umbram
782 3996 913 4079 quidem
945 3996 1139 4061 differentiae
1163 4016 1234 4064 esse
1256 3999 1341 4062 inter

218 4115 259 4186 γῆ
284 4115 315 4174 et
336 4109 432 4188 χώρα.

261 4222 302 4304 V,
335 4223 384 4284 13.
420 4221 481 4302 „Si
503 4221 623 4285 bellum
646 4221 787 4305 impedit,
812 4224 986 4305 quominus
1010 4223 1167 4306 agricolae
1189 4243 1231 4290 ox
1255 4227 1339 4308 agris

221 4337 290 4399 suis
320 4335 445 4399 fruetus
473 4336 659 4419 percipiant,
692 4335 740 4397 illi
769 4336 922 4419 homines,
945 4338 1097 4420 quoniam
1120 4342 1250 4406 suntet
1272 4357 1340 4403 oor·
