3354 5268
882 605 924 669 64

341 787 404 875 quo
438 795 579 875 tempora
614 789 718 872 Cyrus
753 811 827 854 cum
859 793 1001 856 exercitu
1032 811 1130 876 prope
1159 790 1255 873 Pylas
1287 797 1379 875 esset,
1402 791 1454 865 τὴν

339 904 462 977 ιιαπίθιρν
486 901 534 967 δθο
557 903 687 981 χοίνικας
711 903 855 976 ’Λττικίος
878 912 1019 983 χωρῆσαι,
1041 905 1096 968 scd
1115 907 1160 968 ita
1179 924 1291 969 serem
1306 905 1455 970 habuisse
1537 978 1541 984 ,

340 1037 396 1100 per
418 1021 514 1080 totam
537 1015 760 1101 Xenophontis
780 1019 879 1080 vitam
899 1023 929 1081 et
951 1017 1113 1100 aliquanto
1128 1023 1245 1101 postea.
1258 1018 1306 1082 Ne
1319 1019 1456 1100 dubites,

342 1131 419 1214 quin
453 1129 622 1214 legendum
654 1131 695 1194 sit
725 1135 823 1212 χωρεῖ,
854 1130 997 1194 conferas
1028 1129 1158 1202 livarrou,
1192 1132 1277 1215 quod
1309 1134 1455 1216 proxime

341 1243 506 1326 praecedit.

386 1356 417 1420 C.
453 1355 492 1438 V,
528 1357 567 1419 10
604 1355 738 1436 διφθέρας
775 1395 815 1402 -
851 1355 1078 1432 ἐνεπίμπλασαν
1107 1355 1212 1438 χθρτον
1243 1355 1361 1436 κοθφου,
1391 1350 1455 1421 εἶτα

341 1477 464 1547 συνῆγον
494 1469 543 1533 καί
574 1468 740 1532 συνέσπων.
756 1518 763 1532 .
779 1517 807 1532 ..
840 1468 889 1532 ἐπὶ
923 1467 1028 1532 τούτων
1053 1467 1205 1546 διέβαινον.
1229 1470 1317 1535 Haeo
1340 1473 1456 1553 omnia,

343 1591 379 1648 ut
408 1587 529 1668 opinor,
553 1585 652 1648 multo
677 1585 792 1648 melius
817 1585 1037 1666 cohaerebunt,
1061 1588 1088 1649 si
1112 1591 1184 1649 auto
1207 1583 1349 1661 διέβαινον
1372 1587 1456 1650 inse-

342 1717 448 1761 remus
472 1697 660 1780 particulam
683 1695 728 1769 δθ,
753 1716 835 1781 quae
857 1696 948 1760 facile
972 1698 1117 1761 excidere
1143 1699 1253 1780 potuit

388 1810 419 1873 Ο.
444 1810 516 1894 VII,
540 1813 558 1873 2
583 1808 803 1886 συνεβουλεύετο
826 1813 887 1880 πῶς
910 1808 946 1873 θον
968 1811 1021 1882 τὴν
1043 1808 1150 1889 μοίχυν
1169 1817 1285 1875 ποιοῖτο.
1299 1812 1369 1876 Iam
1381 1812 1456 1876 alibi

344 1925 467 2006 (Studia
489 1925 705 2008 Antiphontea
726 1946 755 2009 p.
778 1927 829 2007 33)
853 1927 968 1988 vitium
991 1926 1139 2008 indicavi,
1163 1945 1227 2009 quo
1252 1931 1283 1990 et
1302 1927 1354 1990 hic
1366 1926 1456 1990 locus

343 2037 472 2101 laborat.
508 2040 574 2108 Πῶς
611 2035 647 2100 aa
683 2036 735 2110 τὴν
771 2035 878 2115 μοίχυν
908 2045 1015 2101 ποιοῖτο
1047 2039 1200 2118 cupientis
1230 2045 1278 2103 est
1299 2041 1456 2123 proelium

344 2153 548 2228 committere,
572 2156 603 2214 et
626 2152 808 2234 quaerentis
833 2151 911 2234 quid
934 2152 974 2215 sit
997 2151 1166 2235 agendum,
1190 2157 1226 2215 ut
1244 2152 1279 2215 id
1303 2153 1363 2216 sibi
1383 2173 1457 2216 con-

344 2267 454 2348 tingat.
488 2263 644 2348 Exemplo
680 2284 749 2329 esse
782 2270 894 2349 potest,
923 2264 1009 2348 quod
1037 2265 1154 2348 legitur
1183 2265 1239 2347 VI,
1266 2267 1293 2348 l,
1318 2267 1379 2330 17:
1403 2263 1456 2340 ἤδη

345 2379 461 2455 μᾶλλον
492 2378 588 2458 εἰσῄειν
621 2378 726 2450 αθποθς
753 2383 813 2450 πῶς
839 2379 933 2461 (coh,
957 2379 1010 2442 alii
1033 2376 1128 2464 ὅπως)
1154 2376 1190 2441 θον
1214 2377 1265 2442 καί
1289 2376 1407 2458 ἔχοντές
1430 2403 1457 2444 πι

345 2489 435 2556 οίκαδ·
467 2491 624 2572 ἀφίκοιντο.
658 2492 692 2556 Si
716 2495 788 2577 quis
812 2512 887 2557 vero
911 2493 1071 2575 deliberat,
1096 2513 1160 2577 quo
1185 2494 1278 2557 modo
1300 2495 1457 2578 proelium

345 2605 608 2670 committendum
631 2607 680 2687 sit,
703 2607 737 2668 in
761 2607 901 2670 oratione
920 2611 1006 2670 recta
1022 2607 1066 2669 ita
1086 2625 1194 2671 secum
1213 2607 1373 2691 loquitur:
1395 2609 1457 2676 πῶς

345 2719 473 2795 ποιῶμαι
504 2717 556 2791 τὴν
587 2717 704 2797 μάχαν,
737 2739 838 2802 eaque
869 2721 966 2783 verba
992 2722 1025 2783 in
1048 2722 1188 2803 optativo
1211 2721 1399 2804 particulam
1422 2716 1457 2783 ala

345 2852 411 2896 nou
441 2834 626 2916 admittunt,
652 2833 707 2897 sed
739 2833 910 2897 dicendum
942 2839 989 2898 ast
1019 2852 1045 2897 e.
1063 2854 1126 2918 gn:
1151 2832 1373 2911 συνεβουλεύετο
1397 2837 1457 2904 πῶς

348 2947 411 3027 (vel
434 2941 529 3032 ὅπως)
556 2944 609 3017 τὴν
632 2943 739 3024 μοίχιρν
761 2951 877 3009 ποιοῖτο.

391 3059 422 3123 O.
449 3059 518 3142 VII,
542 3062 563 3122 4
586 3059 792 3137 αίσχυνεῑσθαί
813 3082 862 3137 μοι
885 3059 966 3133 δοκῶ,
982 3055 1061 3131 οἵους
1085 3063 1157 3136 ἡμῖν
1180 3058 1323 3136 γνώσεσθε
1345 3058 1411 3130 τοὺς
1430 3059 1458 3121 ἐν

344 3181 381 3255 τῇ
404 3175 489 3256 χώρα
510 3171 596 3245 torar
619 3174 789 3253 οίνθροθπους.
815 3173 912 3238 Recte
935 3175 995 3237 hoc
1018 3174 1138 3238 dictum
1162 3180 1253 3257 esset,
1277 3176 1305 3238 si
1323 3176 1357 3236 in
1370 3193 1459 3258 prae·

346 3287 532 3353 cedentibus
563 3307 666 3352 sermo
693 3287 806 3351 fuisset
842 3288 880 3351 de
902 3287 1019 3372 Parsis,
1043 3290 1157 3371 quiin
1179 3287 1315 3352 urbibus
1338 3287 1458 3351 habita-

346 3407 425 3484 rent,
448 3403 554 3484 iisque
577 3420 665 3464 nunc
688 3400 734 3463 illi
758 3407 1001 3484 opponerentur,
1025 3403 1081 3485 qui
1100 3403 1168 3465 ruri
1186 3403 1287 3465 vitam
1301 3401 1458 3485 degerent.

348 3513 548 3597 Quamquam
574 3514 624 3577 vel
647 3515 693 3577 sic
717 3514 873 3577 sententia
896 3516 973 3577 satis
995 3519 1139 3577 contorta
1162 3519 1253 3597 esset,
1277 3534 1351 3577 nam
1374 3511 1459 3583 θνταρ

347 3630 476 3692 omnino
513 3647 587 3692 cum
622 3626 693 3704 ἡμῖν
722 3627 922 3711 iungendum
954 3634 1008 3692 est.
1043 3627 1150 3704 Quum
1174 3647 1248 3692 vero
1272 3628 1375 3709 Cyrus
1399 3629 1460 3690 hoc

347 3743 447 3806 dicat:
483 3761 579 3823 „eam
608 3742 811 3825 popularium
844 3761 986 3806 meorum
1011 3744 1207 3827 cognoscetis
1230 3743 1400 3825 ignaviam,
1424 3747 1460 3804 ut

346 3859 415 3941 ipsa
437 3857 557 3939 pudore
581 3855 730 3940 afficiar,''
754 3858 909 3921 articulus
932 3855 998 3928 τοθς
1022 3857 1111 3920 nullo
1134 3857 1228 3920 modo
1252 3856 1328 3920 ferri
1347 3859 1459 3938 potest.

392 3969 423 4034 C.
447 3970 520 4054 VII,
551 3972 579 4033 8.
609 3969 688 4034 Inde
719 3991 737 4034 a
765 3971 783 4052 ᾖ
809 3973 827 4033 2
852 3971 890 4034 de
914 3971 1003 4034 nulla
1026 3970 1140 4034 aliare
1163 3971 1276 4053 agitur,
1301 3989 1396 4052 quam
1420 3968 1459 4031 de

349 4083 540 4149 Graecorum
572 4083 686 4148 θαοιιινο
710 4085 851 4167 consilio,
874 4084 960 4168 quod
983 4087 1016 4147 in
1039 4083 1242 4148 tabernaculo
1268 4082 1343 4164 Gyri
1365 4081 1460 4145 habe-

346 4205 407 4282 tur,
443 4199 481 4262 de
516 4198 794 4282 admonitionibus,
828 4198 945 4282 quibus
979 4198 1017 4260 ad
1053 4217 1106 4262 eos
1142 4197 1245 4279 Cyrus
1281 4199 1390 4279 utitur,
1422 4196 1460 4260 de

346 4314 503 4398 praemiis
528 4332 610 4397 quae
632 4313 808 4397 pollicetur.
832 4312 915 4377 Satis
938 4312 1074 4377 absurde
1096 4331 1170 4396 ergo
1190 4331 1277 4376 nunc
1296 4313 1460 4395 sequitur:
