3354 5268
740 611 782 673 41

256 795 389 860 Initium
421 815 495 880 ergo
519 795 594 860 inde
616 796 748 879 sumpsi,
773 796 860 879 quod
884 815 1010 860 mecum
1033 797 1077 859 ita
1099 795 1326 861 ratiocinabor:

211 910 385 992 particulae
408 909 468 985 μήν
490 909 677 994 frequentia,
697 911 725 974 si
744 911 880 975 alicuius
900 915 950 974 est
968 913 1119 974 momenti
1138 912 1173 974 in
1191 912 1328 994 singulis

213 1024 338 1107 scriptis
373 1025 456 1087 inter
491 1042 525 1088 se
555 1024 785 1107 comparandis
817 1024 1049 1108 statuendoque
1080 1024 1158 1107 quid
1180 1026 1329 1109 primum,

214 1136 292 1220 quid
327 1137 450 1218 deinde,
479 1137 557 1220 quid
588 1142 782 1220 postremum
817 1139 859 1202 sit
889 1141 1109 1222 compositum,
1131 1157 1195 1201 non
1222 1139 1328 1202 minus

214 1250 318 1314 velere
343 1250 442 1333 debet,
466 1270 566 1334 quum
591 1250 734 1314 eiusdem
753 1251 826 1314 libri
846 1257 950 1335 partes
969 1253 1052 1315 inter
1070 1252 1328 1316 seconierentur.

212 1363 296 1428 Satis
320 1365 406 1428 enim
428 1364 578 1447 temporis
602 1369 826 1447 consumptum
850 1370 898 1428 est
917 1366 951 1426 in
970 1364 1050 1428 libro
1071 1366 1166 1449 paulo
1186 1365 1329 1448 longiore

213 1476 420 1559 conficiendo,
442 1483 480 1541 ut
501 1479 622 1541 interea
643 1479 777 1560 scriptor
796 1477 929 1541 eandem
948 1477 1135 1561 particulam
1156 1477 1329 1559 verrium,

213 1590 264 1652 vel
299 1592 425 1673 saepius
458 1589 606 1654 adhibere
640 1590 785 1673 coeperit.
820 1588 861 1652 Et
896 1590 1046 1672 quoniam
1078 1590 1161 1653 inter
1191 1591 1329 1673 priorem

212 1705 483 1788 posterioremque
507 1704 665 1768 Ancbasis
687 1709 806 1788 partem
827 1705 976 1787 scriptam
989 1704 1107 1767 multos
1121 1705 1330 1768 annosinter·

213 1821 348 1883 cessisse
372 1818 589 1900 coniiciebam,
613 1818 653 1882 de
674 1816 818 1882 Anabusi
838 1819 978 1901 primum
998 1801 1226 1901 inquirendum
1247 1823 1329 1881 erat:

212 1938 298 1996 recte
329 1934 413 1996 enim
446 1952 497 1997 me
519 1932 687 2002 indicasse,
709 1934 753 1996 ite
778 1951 907 2016 quoque
931 1931 1098 1995 credebam
1121 1931 1332 1996 demonstrari

214 2065 316 2131 posse,
345 2048 374 2110 si
403 2047 438 2108 in
468 2047 642 2129 posteriore
672 2053 760 2129 purte
789 2067 886 2130 quam
908 2047 943 2109 in
966 2047 1071 2129 priore
1092 2045 1249 2129 particula
1272 2044 1331 2121 μήν

214 2161 315 2237 multo
339 2165 423 2225 esset
444 2160 648 2244 frequentior.
669 2159 752 2223 Ecce
776 2165 891 2240 entem,
913 2178 994 2243 quae
1015 2179 1049 2223 se
1069 2159 1157 2240 mihi,
1169 2178 1206 2223 ec
1219 2179 1331 2243 quaes·

214 2276 301 2338 tione
320 2275 473 2354 instituta,
494 2272 645 2336 obtulerit
665 2272 781 2336 tabula.
802 2272 950 2356 Paginas,
970 2273 1088 2356 quibus
1106 2271 1261 2356 particule
1273 2269 1332 2347 μήν

214 2387 331 2471 legitur
353 2406 394 2450 ex
416 2386 519 2470 Hugii
542 2387 682 2449 indicavi
705 2386 843 2450 editione
865 2384 1021 2466 (Teubner
1050 2387 1154 2467 1878).

406 2657 574 2708 Lffl.u
646 2658 691 2708 m
759 2658 801 2708 Ν
924 2657 953 2707 V
1102 2657 1144 2707 VL
1283 2654 1338 2705 Ἥ

423 2765 810 2815 W·W·W·W·
913 2764 969 2814 Q

140 2987 172 3032 γε
190 2967 237 3030 μήν
387 2905 502 3101 135.361

141 3195 349 3256 wm-ss
430 3193 463 3244 ᾖ

1046 3807 1192 3997 ›175.195
1250 3870 1375 3921 238.242

263 4093 425 4178 Cognosce
456 4115 553 4176 nuno,
577 4115 672 4179 quam
699 4095 868 4159 absurdam
892 4114 958 4158 rem
983 4094 1137 4158 stetistica
1160 4093 1241 4158 duce
1264 4113 1335 4178 pos-

219 4210 320 4272 simus
353 4208 576 4273 demonstrare.
600 4208 701 4272 Primi
725 4210 869 4272 omnium
892 4209 1001 4291 scripti
1025 4212 1101 4271 sunt
1123 4205 1211 4270 Libri
1234 4206 1281 4269 IV
1304 4213 1336 4272 et

217 4320 282 4384 VI:
312 4323 337 4384 ii
365 4323 450 4386 enirn
482 4341 650 4406 nunquam
680 4322 740 4398 pir
763 4319 888 4404 habent,
910 4340 985 4384 nam
1008 4312 1026 4392 ἦ
1050 4317 1119 4403 μήν,
1143 4339 1184 4386 ex
1206 4321 1335 4384 iurisiu-
