3352 5260
747 579 811 642 119

212 748 309 847 quern
341 783 452 828 omnes
483 765 632 847 aequales
664 765 783 846 seirent
814 762 937 827 Socrati
967 781 1038 828 esse
1069 765 1334 848 acceptissimum.

215 925 230 956 ,
245 876 363 940 Filium
400 876 559 942 Socratis'’
595 897 669 942 eum
702 896 759 960 per
792 879 899 940 iooum
934 877 1070 961 appellat
1096 878 1335 961 Aristophanes.

209 989 294 1054 Vide
316 992 351 1052 in
373 989 454 1053 libro
478 988 798 1072 Miilleri·Striibingii
818 989 1069 1072 (Aristophanes)
1091 992 1250 1074 egregiam
1270 991 1334 1054 looi

209 1104 245 1165 in
267 1102 531 1167 Aeharnensibus
555 1106 610 1184 (vs.
632 1103 672 1164 47
696 1103 775 1185 sqq.)
796 1103 1058 1185 explicationem:
1081 1103 1163 1166 nihil
1181 1105 1233 1166 vir
1246 1124 1335 1187 saga·

209 1216 368 1296 sissimus,
393 1216 432 1280 de
455 1216 586 1280 historia
610 1214 729 1278 Graeca
752 1215 870 1297 optime
893 1215 1035 1296 meritus,
1055 1214 1181 1280 felicius
1201 1217 1333 1298 invenit,

209 1329 290 1391 nihil
312 1327 507 1392 firmioribus
531 1328 728 1412 argumentis
752 1326 990 1390 demonstravit.

255 1441 282 1504 9.
309 1438 394 1502 aare
416 1440 476 1517 μὴν
498 1437 597 1503 τοῦτοί
619 1463 656 1517 γε
679 1437 722 1516 μὲν
745 1437 942 1518 αἰσθανομένῳ
965 1437 1020 1515 μὲν
1042 1437 1169 1515 ἀβίωτος
1192 1437 1229 1502 ἂν
1252 1435 1293 1512 εἴν
1318 1438 1332 1502 ὂ

207 1551 281 1628 βίος,
312 1552 517 1630 αἰσθανόμενον
548 1553 579 1618 δὲ
609 1552 669 1616 κτὲ.
694 1553 919 1617 Bornemanno
943 1555 1118 1618 assentitur
1140 1553 1331 1618 Schenhlius

207 1665 376 1750 legendum
408 1685 478 1731 esse
507 1665 623 1743 βνοτός.
651 1665 812 1750 Equidem
845 1666 948 1729 oredo
962 1672 1089 1750 recepta
1112 1666 1330 1732 Bornemanni

206 1779 343 1843 lectione
372 1781 474 1863 perire
507 1782 682 1844 sententiae
713 1781 788 1842 vim.
820 1777 907 1842 Dieit
929 1781 1014 1843 enim
1038 1778 1184 1844 Socrates
1206 1780 1331 1844 ονοννιίνοο

207 1894 357 1957 miseram
381 1912 451 1957 esse
475 1899 680 1976 senectutem,
705 1895 773 1958 sive
797 1895 870 1977 quis
894 1895 1009 1957 sentiat
1033 1895 1101 1958 sire
1124 1913 1189 1958 non
1214 1897 1331 1959 sentiat

205 2007 345 2088 eorporis
368 2007 550 2089 mentisque
573 2006 672 2070 robur
696 2006 886 2070 decrescere.
909 2004 972 2069 Sed
995 2006 1095 2070 multo
1115 2009 1261 2071 miserior
1282 2013 1330 2072 est

206 2119 245 2200 ei,
269 2119 415 2200 quinon
439 2119 569 2182 sentiat:
596 2119 625 2182 is
649 2119 733 2182 enim
758 2117 860 2182 brutis
883 2117 1076 2182 animalibus
1100 2138 1166 2182 non
1189 2119 1327 2183 multum

205 2235 351 2314 praestat,
374 2232 444 2295 eius
467 2232 532 2294 vita
551 2231 679 2294 homine
699 2236 730 2294 et
750 2233 833 2295 vitae
854 2231 982 2294 nomine
1002 2231 1136 2314 indigna
1156 2237 1212 2313 est,
1226 2252 1326 2314 quum

205 2343 247 2406 sit
270 2345 365 2405 morti
389 2342 567 2422 simillima;
592 2342 677 2406 haud
702 2341 784 2406 male
806 2343 866 2405 hoo
889 2342 1024 2406 dieitur:
1049 2339 1327 2418 edissertanda&

204 2452 286 2530 βίος;
323 2455 380 2537 qui
413 2473 489 2518 vero
524 2456 640 2518 sentiat
673 2455 754 2518 vivit
785 2455 916 2538 quidem
946 2455 1002 2519 sed
1034 2456 1186 2519 acerrimo
1218 2454 1327 2520 dolore

205 2565 352 2630 afficitur.

212 3121 213 3126 ’
246 3128 335 3194 Haeo
359 3136 435 3194 sunt
459 3149 542 3213 quae
565 3129 735 3194 Sehenklio
759 3131 876 3213 opponi
899 3148 993 3212 posse
1017 3131 1147 3212 opinor:
1172 3133 1203 3193 et
1224 3150 1326 3213 pauoa

202 3261 238 3306 ea
270 3249 346 3307 sunt
376 3247 407 3307 et
429 3244 519 3327 parvi
543 3244 711 3307 momenti:
736 3261 841 3325 neque
866 3241 986 3323 dubita,
1011 3243 1090 3325 quin
1112 3243 1164 3306 vir
1186 3243 1325 3308 'clarissi-

187 3336 275 3420 mus
307 3376 453 3440 magnam
485 3375 595 3421 eorum
625 3361 746 3439 partem
777 3354 869 3418 facile
898 3357 999 3439 possit
1029 3355 1228 3439 redarguere.
1260 3355 1322 3422 Sed

200 3471 325 3532 etiamsi
354 3470 434 3532 mihi
465 3469 652 3532 oonoederet
675 3469 790 3549 omnia,
814 3487 898 3552 quae
921 3473 1032 3531 eontra
1054 3487 1127 3532 eum
1153 3470 1324 3554 disputavi,

199 3587 304 3646 tamen
337 3581 454 3644 nollem
483 3581 548 3645 illis
571 3582 767 3664 argumentis
793 3581 840 3644 uti
863 3580 904 3643 ad
926 3585 1025 3643 totam
1048 3581 1118 3645 eius
1142 3581 1181 3644 de
1204 3581 1324 3644 Memo-

198 3693 353 3758 rabihbus
378 3695 566 3758 sententiam
590 3693 822 3774 infirmandam,
845 3712 942 3775 quam
965 3693 1165 3756 verissimam
1185 3698 1215 3757 et
1234 3712 1322 3776 egre-

197 3807 249 3890 gie
274 3805 434 3870 defensam
458 3805 538 3867 mihi
562 3805 663 3868 videri
686 3804 800 3869 lubens
824 3803 981 3888 profiteor.
1004 3802 1140 3868 Nullum
1164 3803 1321 3868 Memora-

198 3918 312 3983 bilium
346 3921 449 4001 eaput,
484 3917 571 4000 quod
601 3916 794 4001 improbavit
823 3915 1024 3998 Schenklius,
1054 3934 1112 3999 ego
1137 3915 1321 3996 defendam,

196 4034 341 4117 ineptias,
361 4051 441 4115 quas
460 4031 514 4095 ille
532 4031 695 4113 indicavit,
715 4031 923 4114 Xenophonti
942 4049 1008 4094 non
1028 4049 1098 4095 esse
1117 4032 1320 4114 imputandas

198 4146 276 4210 mihi
307 4150 447 4224 constat;
478 4144 681 4228 impudenter
707 4145 741 4208 in
765 4141 1026 4207 Memorabilibus
1049 4148 1224 4228 grassatam
1249 4163 1319 4209 esse

195 4257 431 4346 interpolatoris
453 4257 615 4322 licentiam
635 4276 692 4345 pro
711 4260 797 4323 certo
816 4255 974 4322 affirmare
992 4257 1106 4332 ausim.
1124 4254 1156 4320 N
1157 4274 1198 4320 on
1209 4260 1317 4322 tamen
