3330 5262
883 580 947 643 304

358 761 433 849 σθριν
462 768 641 832 καταστῶσι.
666 765 763 830 Haud
785 766 904 830 iniuria
926 764 1100 829 laudantur
1123 784 1142 829 a
1166 764 1279 829 multis
1304 781 1342 827 ea
1366 761 1484 828 Critiae

360 880 465 964 verba,
507 898 613 963 neque
650 883 758 943 tamen
793 898 811 941 a
844 878 923 941 vitio
959 882 1036 941 sunt
1068 877 1234 940 immunia
1270 874 1356 952 Quid
1392 876 1485 957 enim,

361 1012 489 1078 quaese,
512 996 561 1056 est
578 990 618 1063 εἰς
637 983 712 1067 σῦρον
730 991 941 1063 araterrium?
966 989 1020 1053 An
1039 989 1138 1054 forte:
1160 993 1294 1053 ventum
1307 988 1485 1052 seeundum

361 1105 526 1170 nancisci?
559 1104 604 1169 At
636 1104 680 1168 dii
710 1108 880 1169 ventorum
912 1103 1034 1167 domini
1064 1121 1130 1167 non
1154 1101 1326 1166 ιιαθιστῖισιν
1350 1100 1391 1173 εἰς
1414 1091 1487 1180 σῦρον

361 1220 516 1302 homines,
539 1237 621 1303 quos
644 1217 791 1301 diligunt,
813 1235 926 1281 verum
950 1217 990 1280 iis
1009 1208 1085 1296 σῦρον
1105 1213 1264 1292 τέμσσυσι,
1285 1233 1394 1298 neque
1414 1232 1486 1297 ergo

361 1331 503 1417 Calypso
526 1330 566 1402 εἰς
590 1322 665 1410 οὖρον
687 1327 868 1402 κατέστησεν
890 1327 1052 1401 Ὀδυσσέα,
1076 1329 1133 1394 sed

558 1489 673 1570 ἵιιμενσν
696 1485 771 1573 σῦρον
795 1487 828 1555 ἵει
851 1489 1023 1564 πλησίστιον
1046 1490 1146 1555 ε’σθλθν
1169 1489 1287 1572 ἑταῖρον.

407 1668 553 1734 Verbum
576 1669 662 1732 enim
686 1673 873 1740 καταστῆναι
896 1687 961 1733 non
982 1673 1088 1752 potest
1106 1667 1249 1733 adhiberi
1267 1669 1332 1732 nisi
1352 1667 1393 1733 de
1411 1669 1491 1749 loco,

364 1784 398 1846 in
427 1801 524 1866 quem
547 1781 664 1865 aliquis
687 1781 842 1866 pervenit,
866 1785 898 1846 et
921 1781 1135 1865 metaphorice
1159 1781 1198 1844 de
1221 1780 1427 1845 condicione:
1451 1779 1489 1850 εἰς

366 1891 534 1973 ἐλευθερίαν,
569 1892 609 1964 εἰς
643 1888 761 1973 ἔχθραν,
797 1892 837 1964 εἷς
872 1891 1000 1971 ὑποψίαν
1030 1898 1226 1966 καταστῆναι.
1259 1892 1359 1958 Venti
1385 1897 1491 1957 autem

368 2007 502 2072 secundi
524 2007 576 2072 vel
600 2007 727 2071 adversi
749 2026 815 2070 non
840 2006 902 2071 alia
921 2009 1018 2071 maris
1037 2013 1127 2090 parte
1147 2011 1232 2089 sunt,
1244 2007 1307 2070 alia
1319 2026 1386 2071 non
1398 2010 1489 2086 sunt;

368 2141 433 2186 non
468 2122 577 2184 minus
612 2139 687 2204 ergo
723 2119 900 2184 absurdum
935 2125 983 2184 est
1013 2121 1118 2184 dicere
1151 2120 1291 2204 aliquem
1322 2119 1362 2192 εἰς
1384 2117 1491 2190 αὐτοὺς

367 2239 553 2306 καταστῆναι
578 2253 676 2317 quam
699 2229 806 2304 αὐτοὺς
824 2229 954 2311 φεύγειν.
976 2231 1039 2296 Sed
1058 2231 1223 2296 videamus
1242 2231 1385 2315 reliqua!
1407 2229 1491 2307 Quid

368 2367 443 2432 ergo
464 2345 547 2410 bono
567 2347 659 2410 navis
678 2346 793 2410 rectori
812 2345 994 2409 faciendum
1015 2364 1085 2409 esse
1104 2345 1196 2410 docet
1215 2344 1357 2410 Critias?
1370 2344 1492 2428 Nempe

369 2465 493 2546 oportet
517 2479 592 2524 eum
615 2458 810 2523 διαπονεῖσθαι
832 2455 884 2529 ἕως
903 2455 940 2521 θιν
960 2458 1000 2530 εἰς
1020 2451 1095 2539 σῦρον
1112 2461 1299 2523 καταστῶσιν
1316 2457 1340 2523 oi
1351 2457 1492 2529 συνόντες.

367 2573 414 2637 At
447 2573 558 2637 nullus
589 2577 689 2636 nauta
719 2577 849 2636 strenue
879 2591 1007 2656 operam
1039 2573 1143 2637 dando
1172 2572 1297 2639 efficere
1328 2577 1435 2658 potest
1457 2576 1494 2636 ut

368 2692 502 2752 ventum
525 2687 730 2750 nanciscatur
751 2686 940 2750 seeundum.
960 2686 1114 2769 Aliquam
1135 2688 1326 2751 sententiam
1346 2706 1364 2751 e
1385 2685 1492 2750 verbis

369 2799 565 2864 διαπονεῖσθαι
600 2796 652 2870 ἕως
685 2796 722 2862 θιν
741 2795 795 2871 ἐἷς
826 2790 901 2879 σῦρον
931 2802 1102 2863 ιιαταστῶσι
1125 2799 1197 2865 elioi
1215 2819 1308 2884 posse
1332 2801 1490 2864 concedo:

370 2932 448 2976 num
472 2917 578 2977 tamon
603 2931 639 2976 oa
663 2912 739 2975 huio
763 2911 833 2975 loco
857 2914 1028 2976 conveniat
1050 2931 1241 2996 magnopere
1264 2912 1383 2978 dubito.
1409 2910 1493 2988 Quid

371 3044 446 3109 ergo
480 3025 561 3089 illud
596 3030 654 3108 est,
687 3012 774 3108 quod
805 3026 850 3089 ita
881 3024 1055 3108 significari
1083 3025 1209 3109 possit?
1240 3024 1380 3110 Nempe:
1413 3026 1495 3090 mari

371 3138 499 3204 turbido
533 3158 591 3223 per
621 3139 758 3204 mediam
790 3143 1009 3222 tempestatem
1039 3138 1189 3204 omnibus
1212 3139 1346 3203 intentis
1371 3138 1495 3202 viribus

371 3271 486 3316 navem
520 3257 713 3336 convertere,
749 3257 785 3316 ut
816 3256 940 3328 ventus,
971 3253 1028 3336 qui
1058 3253 1212 3318 hactenus
1240 3252 1396 3318 adversus
1426 3252 1495 3335 fuit,

373 3365 535 3430 secundus
563 3365 627 3448 fiat,
651 3370 683 3430 et
713 3367 757 3431 ita
779 3385 814 3430 re
838 3366 968 3450 quidem
992 3365 1109 3430 infecta
1132 3367 1189 3430 sed
1212 3367 1337 3430 salvum
1362 3367 1493 3431 domum

372 3478 483 3542 redire.
518 3477 556 3541 Id
589 3483 695 3542 tamen
727 3498 768 3544 ne
799 3499 967 3563 nunquam
991 3483 1107 3543 nautae
1129 3478 1247 3543 faciant
1270 3498 1400 3560 vereor3
1427 3481 1497 3544 vela

374 3592 460 3654 enim
493 3609 547 3654 eos
581 3590 748 3654 demittere
776 3593 885 3674 potius
917 3592 1019 3656 oredo.
1050 3590 1114 3656 Sed
1136 3592 1196 3656 hoa
1220 3597 1353 3669 constat,
1380 3593 1495 3656 eiiam

374 3703 547 3787 aliquando
580 3704 625 3768 ita
659 3708 754 3787 agant
784 3709 908 3788 nautae,
938 3723 993 3770 eos
1024 3724 1151 3788 prorsas
1175 3707 1371 3772 contrarium
1393 3706 1497 3771 facere

375 3817 445 3881 eius
474 3818 521 3880 rei
551 3837 650 3900 quam
679 3816 795 3881 Critias
819 3819 887 3881 viro
911 3819 1000 3882 oivili
1029 3817 1208 3882 faciendam
1230 3838 1300 3884 esse
1324 3819 1495 3884 contendit

374 3929 471 3994 Illum
501 3932 587 3994 enim
619 3949 683 3994 non
716 3927 975 4008 μεταβάλλεσθαι,
1007 3951 1072 3996 non
1104 3953 1122 3996 a
1153 3933 1314 4016 proposito
1338 3933 1497 4015 desistere,

374 4062 440 4107 non
474 4043 585 4107 cedere
614 4044 774 4128 perieulis,
806 4045 862 4108 sed
892 4046 1037 4109 omnium
1071 4046 1203 4110 minime
1235 4065 1366 4110 cursum
1399 4066 1496 4110 suum

377 4160 501 4220 mutare
532 4157 636 4221 decet:
668 4159 937 4241 perseverandum
969 4160 1000 4222 ei
1031 4165 1079 4224 est
1102 4164 1266 4244 tamquam
1290 4165 1416 4244 nautae,
1441 4162 1498 4245 qui

377 4272 409 4332 et
440 4270 509 4352 ipse
542 4275 724 4353 perseverat
754 4271 855 4336 donea
884 4274 1103 4356 pervenerit..
1117 4322 1143 4336 ..
1175 4293 1239 4357 quo
1270 4274 1423 4338 tandem?
1456 4274 1498 4338 Ιιι
