3330 5262
851 585 915 646 312

322 771 396 834 dam
426 771 541 835 utilius
574 771 615 834 sit
645 771 772 854 copiose
799 769 1037 834 demonstravit.
1063 768 1252 854 Sequuntur
1274 770 1367 833 haee:
1391 767 1443 833 καὶ

317 883 387 963 ᾤετο
417 880 472 960 μὲν
504 879 541 946 άν
571 905 615 954 τις
646 881 755 955 δεήσειν
778 887 839 955 τοῖς
863 879 1142 962 prosperaverant
1165 882 1198 945 ἐκ
1220 885 1272 945 τοῦ
1296 878 1356 945 ἴσον
1380 881 1442 958 μά·

316 995 434 1074 χετάαι.
471 995 617 1060 Prudens
650 995 790 1079 profecto
826 1001 857 1060 et
890 1013 966 1060 vera
995 1015 1032 1060 ea
1064 995 1244 1060 observatio
1275 1000 1340 1076 est;
1366 997 1443 1079 quid

318 1112 424 1172 temen
454 1108 506 1170 hio
540 1107 601 1172 sibi
633 1108 709 1172 velit
739 1127 805 1170 non
828 1108 992 1191 perspicio.
1017 1106 1109 1172 Certe
1133 1127 1197 1171 non
1222 1108 1351 1172 videtur
1373 1127 1441 1172 earn

318 1218 380 1284 sibi
403 1219 442 1282 ab
466 1221 528 1284 alio
553 1219 647 1283 obiici
670 1219 791 1303 fingere
812 1219 1040 1301 Thrasybulus,
1064 1239 1129 1284 non
1150 1221 1235 1284 enim
1255 1239 1325 1284 eam
1338 1221 1442 1284 redar-

317 1335 396 1417 guit.
434 1332 579 1397 Annotat
612 1333 893 1398 Breitenbauhius:
931 1335 1005 1414 „sio
1039 1333 1157 1416 aliquis
1191 1338 1303 1416 putare
1338 1340 1444 1416 posset

318 1451 492 1530 antequam
517 1452 625 1510 nosset
647 1445 723 1528 fore,
746 1446 779 1509 id
800 1446 887 1530 quod
906 1450 975 1510 turn
994 1445 1098 1527 fiebat,
1119 1450 1155 1510 ut
1167 1447 1201 1509 in
1213 1446 1314 1510 arduo
1326 1448 1445 1511 montis

318 1559 402 1623 olivo
436 1559 543 1623 hostes
581 1558 726 1623 hostibus
761 1558 995 1641 occurrerent'’,
1030 1577 1234 1642 sequensque
1264 1563 1314 1623 νῦν
1346 1558 1378 1622 δέ
1399 1562 1446 1625 ita

318 1671 471 1754 explieat:
506 1690 620 1752 „nuno
650 1675 756 1735 tamen
788 1689 825 1736 eo
848 1691 908 1736 nos
931 1671 1002 1736 loco
1026 1677 1158 1755 stamus,
1182 1676 1219 1736 ut
1239 1669 1446 1751 πρωτοστάται

320 1802 450 1866 quoque
483 1785 586 1848 nostri
616 1785 798 1867 superiores
830 1805 927 1868 quam
959 1785 1100 1848 hostium
1130 1784 1225 1849 sint”.
1248 1785 1447 1851 Aoutissime

319 1897 398 1962 baeu
422 1898 473 1960 rir
496 1897 618 1979 doetus,
642 1897 681 1960 de
703 1895 918 1982 Xenophonte
941 1900 1060 1982 optime
1080 1899 1222 1980 meritus,
1243 1899 1447 1983 excogitavit,

321 2011 428 2074 neseio
463 2015 571 2074 tamen
605 2029 645 2074 an
678 2015 710 2075 et
738 2011 800 2094 ipsi
831 2011 954 2094 aliquid
977 2011 1140 2075 molestiae
1163 2011 1215 2075 hio
1237 2012 1329 2076 locus
1351 2032 1447 2096 pepe

318 2124 403 2188 rerit.
434 2121 518 2186 Nam
548 2123 582 2186 id
611 2123 698 2206 quod
723 2123 809 2204 dicit,
832 2125 993 2188 exereitus
1017 2122 1079 2187 sibi
1101 2125 1187 2187 inter
1209 2143 1244 2187 se
1267 2127 1447 2189 ooourrisse

318 2238 351 2300 in
390 2236 517 2317 „arduo
554 2237 672 2300 montis
707 2235 821 2318 olivo''‚
855 2242 1009 2320 tantoque
1044 2238 1223 2321 superiores
1253 2238 1449 2320 Thrasybuli

319 2369 418 2433 quum
452 2350 592 2413 hostium
623 2350 749 2414 stetisse
782 2349 910 2431 milites,
941 2355 978 2412 ut
1007 2369 1048 2414 ne
1069 2346 1290 2429 πρωτοστάταις
1315 2351 1447 2433 quidem

318 2467 531 2546 utrorumque
561 2480 602 2527 ex
630 2481 732 2546 aequo
755 2462 912 2546 proelium
935 2467 1028 2546 esset,
1051 2482 1068 2527 e
1091 2462 1315 2546 Xenophontis
1339 2464 1447 2529 verbis

318 2595 430 2642 vereor
459 2581 497 2640 ut
527 2576 599 2640 elioi
627 2577 736 2659 possit.
767 2573 871 2661 Supra
902 2578 997 2659 enim,
1021 2595 1080 2640 our
1101 2576 1209 2640 hostes
1233 2595 1298 2640 non
1323 2579 1450 2661 possint

318 2686 443 2765 βάλλειν
477 2693 508 2753 et
541 2685 708 2767 άκοντῖζειν,
743 2690 826 2752 hanc
857 2694 983 2752 tantum
1014 2689 1103 2753 affert
1127 2708 1273 2753 calisam:
1297 2689 1367 2770 ὑπὲρ
1390 2693 1448 2753 τῶν

318 2799 571 2881 προτεταγμένων.
603 2803 707 2885 Atqui
735 2800 768 2864 rb
791 2799 835 2878 uit
860 2799 999 2865 δύνασθαι
1023 2798 1148 2879 βάλλειν
1171 2801 1240 2881 ὑπὲρ
1264 2804 1320 2865 τῶν
1344 2825 1446 2883 προτε-

318 2912 475 2992 ταγμένων
508 2916 542 2977 in
578 2917 693 2998 quovis
725 2915 817 2997 olivo,
849 2917 944 2979 etiam
975 2914 1148 2997 lenissimo,
1180 2916 1364 3002 usuvenit.
1389 2915 1448 2979 Sin

319 3033 425 3092 autem
459 3029 562 3092 olivus
592 3048 657 3092 non
682 3048 779 3111 quam
803 3029 945 3092 maximo
968 3029 1089 3092 arduus
1113 3033 1169 3111 est,
1192 3047 1303 3092 revera
1325 3034 1387 3100 τοῖς
1410 3052 1449 3105 γε

319 3139 539 3220 πρωτοστάταις
564 3161 629 3205 non
652 3141 761 3205 minus
785 3159 952 3224 exaequo
976 3147 1024 3204 est
1047 3141 1267 3225 pugnandum,
1291 3161 1388 3224 quum
1412 3143 1448 3205 in

319 3258 428 3336 aperto
451 3273 564 3337 campo
588 3256 646 3318 toti
667 3259 879 3337 utrorumque
898 3255 1063 3318 exercitui.
1085 3253 1277 3337 lpsaautem
1290 3253 1449 3318 vocabula

317 3362 469 3438 κατάντης
500 3371 531 3430 et
561 3363 645 3438 ὄρθιος
669 3385 734 3430 non
758 3367 797 3430 de
821 3367 932 3430 arduis
956 3372 1080 3430 tantum
1101 3366 1156 3431 sed
1180 3365 1329 3431 omnibus
1353 3367 1448 3431 olivis

319 3484 527 3561 usurpantur,
563 3483 765 3564 quapropter,
800 3478 857 3541 ubi
892 3479 931 3543 de
965 3480 1136 3562 praecipite
1165 3480 1220 3542 via
1252 3497 1356 3543 sermo
1388 3485 1447 3563 est,

317 3591 505 3656 adverbium
529 3591 654 3672 ἰσχυρῶς
678 3592 834 3656 adiectivo
858 3589 942 3672 ὄρθιος
966 3591 1114 3671 additur3
1134 3591 1214 3655 nihil
1233 3596 1339 3656 autem
1361 3593 1448 3656 eius-

318 3705 404 3768 modi
428 3706 463 3768 in
486 3705 545 3768 hae
570 3705 751 3768 narratione
770 3704 895 3788 legitur.
916 3703 977 3769 Sed
997 3704 1047 3767 fae
1067 3702 1348 3768 Breitenbaohium
1361 3710 1449 3769 recte

318 3818 446 3900 vidisse,
469 3818 771 3901 Thrasybulumque
794 3817 900 3881 verbis
924 3819 971 3879 νῦν
995 3815 1026 3880 δὲ
1048 3813 1138 3895 άνπερ
1163 3815 1449 3892 opertoriorum

319 3930 492 3994 adversarii
527 3930 782 3994 observationem
813 3929 971 3994 refellere:
998 3947 1104 3992 nonne
1128 3933 1235 3992 tamen
1260 3930 1355 3994 nimis
1377 3930 1450 3993 lan-

318 4042 455 4125 guidum
478 4042 567 4106 istud
589 4046 638 4104 νῡν
660 4040 692 4105 δέ
712 4042 813 4106 videri
833 4041 950 4105 debet?
969 4039 1220 4104 Deliberandum
1234 4060 1309 4125 ergo
1322 4061 1450 4126 seuseu,

320 4157 402 4219 sitne
424 4154 622 4239 probabilius
643 4156 677 4217 in
703 4155 844 4238 margine
867 4153 947 4217 illud
970 4150 1022 4214 aul
1043 4153 1113 4231 ᾤετο
1135 4190 1172 4198 -
1198 4151 1352 4231 μάχεσθαι
1370 4155 1449 4219 olim

316 4268 418 4337 fuisse
451 4267 647 4350 adscriptum
680 4287 698 4330 a
727 4267 854 4349 lectore,
887 4268 943 4349 qui
973 4267 1140 4349 ingenium
1165 4285 1263 4330 suum
1287 4271 1448 4332 ostentare
