3354 5268
753 645 794 704 ‘25

214 829 418 912 accepissent,
454 847 573 911 eosque
603 827 643 890 ad
665 827 742 892 belli
766 829 948 892 societatem
971 829 1160 907 invitarent3
1187 828 1334 912 Spartani

216 946 333 1022 autem,
365 941 427 1003 rati
463 940 524 1004 sibi
559 939 635 1021 Cyri
666 960 738 1004 cum
769 940 866 1004 fratre
895 939 1015 1004 bellum
1046 939 1125 1004 utile
1153 942 1230 1023 fore,
1253 941 1335 1024 Cyro

216 1072 307 1136 opem
331 1053 414 1116 ferre
439 1053 658 1135 decreverunt,
682 1058 713 1145 et
737 1055 842 1116 statim
863 1054 903 1116 ad
922 1054 1033 1118 classis
1052 1073 1129 1118 suae
1141 1054 1335 1137 praefectum

216 1165 347 1229 Samum
373 1166 493 1249 legatos
516 1167 681 1248 miserunt,
706 1169 763 1249 qui
785 1185 857 1229 eum
882 1167 1028 1230 iuberent
1046 1166 1158 1249 facere,
1178 1168 1337 1250 quidquid

218 1277 321 1359 Cyrus
356 1280 622 1361 imperasset...
657 1277 816 1343 Miserunt
850 1281 945 1343 etiam
978 1279 1100 1362 pedites
1138 1282 1336 1364 octingentos

218 1393 299 1456 duce
330 1390 547 1474 Chirisopho'’.
580 1389 706 1454 Horum
738 1391 818 1453 nihil
842 1390 936 1455 hahet
958 1390 1150 1476 Xenophon.
1174 1392 1338 1457 Metuebat

219 1505 348 1584 scilicet,
368 1523 409 1567 ne
432 1523 491 1567 sua
513 1502 672 1567 Anabasis
696 1505 731 1566 in
754 1503 925 1567 Persarum
949 1506 1032 1587 regis
1055 1523 1171 1568 manus
1194 1507 1339 1588 perveni·

218 1621 275 1698 ret,
304 1617 397 1699 isque
426 1617 554 1698 cognito
577 1615 750 1698 Spartanos
768 1615 893 1695 publice
917 1616 999 1697 Cyro
1023 1618 1182 1680 auxilium
1205 1618 1339 1699 misisse,

220 1729 392 1792 consilium
415 1727 578 1812 Spartanis
599 1731 634 1791 in
656 1748 733 1812 pace
755 1729 900 1792 facienda
922 1729 1050 1793 favendi
1072 1735 1218 1793 mutaret.
1240 1729 1339 1805 Quasi

219 1861 295 1905 vero
318 1861 383 1905 non
407 1843 480 1925 plus
504 1843 618 1925 viginti
640 1843 733 1906 annis
757 1849 849 1906 antea
869 1840 1040 1925 Spartanos
1060 1843 1167 1906 hostes
1186 1849 1339 1926 expertus

220 1959 303 2019 esset
336 1953 417 2018 Rex.
447 1954 501 2016 An
530 1953 680 2018 credibile
712 1958 768 2035 est,
790 1954 1001 2018 Tithraustem
1027 1955 1157 2037 quidem
1180 1961 1339 2038 satrapam

220 2067 331 2150 Regno
362 2068 523 2148 metuisse,
555 2072 586 2129 et
614 2067 685 2129 ideo
717 2065 853 2130 Graecas
876 2067 1019 2130 civitates
1043 2086 1121 2129 auro
1144 2069 1339 2158 permovisse

221 2180 261 2243 ad
295 2179 414 2242 bellum
450 2178 612 2262 Spartanis
648 2178 857 2260 inferendum,
891 2185 928 2242 ut
958 2179 1129 2262 Agesilaus
1161 2182 1268 2263 copias
1299 2199 1341 2243 ex

222 2295 300 2358 Asia
332 2293 487 2356 deducere
514 2298 687 2376 cogeretur,
710 2293 816 2375 ipsum
839 2292 959 2375 Regem
981 2293 1169 2376 Agesilaum
1193 2299 1223 2356 et
1247 2291 1341 2375 Spar·
1454 2308 1455 2312 ’

222 2413 314 2470 tanos
347 2426 413 2470 non
448 2425 525 2470 suos
555 2406 610 2469 sed
641 2411 839 2488 satraparum
864 2407 1029 2470 cuiusdam
1054 2406 1161 2469 hostes
1184 2405 1340 2488 putasse?
1368 2477 1370 2482 ¹

223 2520 262 2600 (v.
286 2517 369 2582 Heli,
390 2517 449 2599 HI,
474 2520 502 2599 5,
528 2519 568 2600 1).
592 2516 652 2581 Sed
672 2519 802 2581 omnino
821 2517 901 2581 illud
922 2522 1146 2600 argumentum
1159 2537 1200 2580 ex
1214 2518 1340 2581 silentio

222 2633 258 2693 in
291 2630 514 2714 Xenophonte,
549 2631 606 2713 qui
640 2635 687 2693 tot
709 2649 759 2693 res
782 2631 986 2712 gravissimas
1009 2630 1151 2712 negligit,
1177 2629 1340 2692 infirmum

224 2749 281 2826 cst,
304 2743 356 2806 hic
378 2762 453 2806 vero
475 2741 738 2805 infirmissimum.
762 2741 842 2804 Mihi
866 2739 993 2824 quidem
1015 2761 1061 2822 ea,
1081 2761 1163 2824 quae
1182 2740 1342 2806 Diodorus

224 2857 244 2918 l.
269 2875 294 2920 c.
329 2861 444 2937 narrat,
475 2876 493 2918 a
523 2853 737 2938 Xenophonte
767 2855 868 2918 multo
896 2857 997 2938 magis
1021 2856 1145 2918 incuria
1167 2857 1341 2937 praeteriri,

227 2989 323 3052 quam
346 2969 491 3031 consulto
515 2967 710 3031 dissimulari
733 2967 890 3030 videntur.
914 2967 967 3030 Ad
988 2967 1084 3030 finem
1107 2968 1192 3030 enim
1212 2968 1342 3050 expedi·

226 3084 322 3146 tionis
342 3088 451 3146 contra
470 3101 576 3164 regem
597 3087 763 3164 susceptae
782 3086 938 3164 properat,
955 3100 1019 3164 quo
1031 3082 1125 3144 citius
1139 3080 1178 3143 ad
1191 3099 1260 3144 eam
1274 3099 1342 3143 rem

226 3197 398 3278 perveniat,
417 3196 510 3258 cuius
531 3215 627 3259 causa
646 3194 765 3258 librum
785 3193 921 3258 scribere
933 3196 1044 3277 coepit,
1056 3196 1075 3256 i.
1088 3213 1113 3258 e.
1126 3194 1166 3257 ad
1179 3195 1342 3276 copiarum

228 3326 269 3370 ex
292 3308 395 3370 media
418 3306 497 3370 Asia
518 3308 667 3386 reditum,
691 3309 826 3390 eiusque
847 3307 990 3390 pericula
1011 3312 1042 3370 et
1064 3326 1158 3370 casus
1182 3308 1345 3390 ancipites.

273 3419 381 3483 Unum
413 3438 487 3502 ergo
518 3424 615 3483 restat
645 3419 809 3501 indicium,
834 3418 920 3502 quod
942 3438 1008 3482 non
1030 3417 1197 3502 Kriigerus
1221 3419 1344 3482 aliusve

229 3535 278 3594 vir
308 3532 420 3595 doctus
446 3533 570 3614 primus
593 3531 768 3595 observarit
791 3533 842 3595 vel
866 3533 1062 3614 excogitant,
1085 3531 1141 3595 sed
1163 3524 1251 3613 'quod
1274 3530 1345 3593 nul-

229 3645 297 3708 lum
328 3661 471 3727 unquam
502 3643 724 3726 Xenophontis
755 3645 904 3708 lectorem
926 3644 1050 3727 fugerit.
1074 3644 1147 3726 lpse
1171 3645 1256 3705 enim
1278 3641 1345 3704 Xe-

230 3757 358 3839 nophon
390 3756 474 3836 dicit,
497 3755 559 3818 sibi
588 3776 687 3838 quum
714 3756 753 3818 ad
777 3755 928 3819 Seuthem
951 3756 1203 3839 proficisceretur
1224 3753 1345 3816 nullos-

231 3869 308 3932 dum
342 3868 443 3931 fuisse
476 3866 592 3930 liberos
628 3866 672 3948 (L.
707 3867 780 3949 VH,
815 3868 846 3949 6,
880 3869 944 3948 34),
975 3870 1009 3929 in
1040 3864 1247 3929 describendo
1271 3883 1345 3928 vero

231 3981 357 4064 praedio
382 3998 440 4042 suo
465 3977 673 4042 Scilluntiano
698 3980 781 4043 filios
805 3999 881 4043 suos
903 3978 949 4042 ibi
969 3979 1079 4041 venari
1100 3978 1209 4040 solitos
1229 3982 1346 4040 narrat.

231 4092 321 4156 Haec
344 4111 418 4175 ergo
442 4090 578 4154 scribere
603 4111 666 4154 non
690 4095 795 4175 potuit
818 4098 890 4154 ante
910 4092 1100 4174 vigesimum
1121 4110 1241 4153 aunum
1261 4095 1347 4173 post-

233 4225 330 4288 quam
370 4205 542 4286 imperium
584 4205 748 4286 copiarum
783 4223 914 4267 suarum
947 4202 1099 4265 Thihroni
1133 4202 1279 4266 tradidit:
1317 4206 1349 4265 et

233 4317 395 4401 aliquanto
426 4315 607 4378 accuratius
630 4313 797 4378 Nitschius
821 4312 1016 4398 (Absassung
1039 4314 1095 4377 der
1116 4312 1209 4395 Hell.)
1232 4313 1348 4377 firmis·
