3330 5262
884 637 947 700 316

351 823 442 886 iuria.
466 820 634 906 Leguntur
658 822 743 885 enim
766 820 861 884 haec:
881 819 1031 902 Thibron,
1052 840 1153 902 quum
1166 821 1200 881 in
1212 819 1324 883 Asiam
1337 821 1480 883 venisset

352 953 393 998 ex
429 934 560 998 Graecis
585 952 715 1017 quoque
738 932 884 1014 urbibus,
908 934 1047 1016 quaein
1073 933 1252 996 continenti
1276 933 1355 996 sitae
1378 937 1479 1013 erant,

351 1047 458 1129 copias
492 1047 659 1109 contraxit.
697 1044 816 1109 Omnes
851 1047 937 1108 enirn
970 1050 1038 1108 tum
1063 1046 1217 1127 civitates,
1242 1045 1328 1127 quod
1351 1044 1480 1128 Sparta·

352 1177 466 1222 norum
495 1158 612 1241 aliquis
635 1159 831 1241 imperasset,
853 1156 957 1220 faeere
981 1156 1134 1220 solebant.
1157 1156 1263 1220 Verbo
1283 1161 1399 1238 autem,
1412 1177 1478 1240 quo

350 1271 488 1335 Phibron
511 1273 618 1355 copias
642 1272 842 1334 contraxisse
866 1269 1067 1353 significatur
1094 1267 1298 1354 (συνήγαγε),
1321 1270 1479 1353 particula

352 1381 407 1460 μέν
433 1382 578 1446 additur:
603 1382 683 1445 nihil
706 1389 812 1446 tamen
832 1381 879 1444 illi
899 1380 997 1446 verbo
1019 1384 1200 1465 opponitur,
1220 1383 1276 1446 sed
1294 1387 1479 1466 sequuntur

351 1497 445 1560 haee:
477 1492 528 1560 aa)
560 1493 612 1560 οὺν
644 1492 716 1572 μὲν
746 1493 841 1574 ταύτῃ
866 1501 903 1574 πῇ
929 1499 1054 1575 οπραπνᾷ
1077 1494 1143 1574 ὁρῶν
1168 1493 1281 1574 Θίβρων
1303 1494 1337 1558 πὸ
1359 1494 1476 1559 ἱππικὸν

351 1607 390 1679 εἷς
420 1607 453 1671 τὸ
483 1605 579 1670 πεδίον
612 1607 643 1670 οὐ
674 1604 858 1682 κατέβαινεν,
884 1602 992 1682 hydra
1016 1603 1048 1668 δὲ
1070 1606 1132 1670 xri.
1156 1606 1271 1691 Neque
1295 1608 1399 1672 solum
1424 1609 1477 1672 de·

351 1721 455 1785 fectus
489 1721 674 1800 sententiae,
711 1737 793 1802 quae
823 1718 930 1782 verbis
953 1716 1105 1795 συνήγαγε
1128 1716 1183 1795 μὲν
1206 1718 1267 1802 ari,
1291 1726 1479 1803 opponatur,

351 1834 499 1897 lacunam
525 1833 655 1914 indicat,
680 1832 735 1896 sed
760 1833 854 1895 etiam
879 1831 976 1894 verba
999 1829 1065 1910 ὁρῶν
1079 1867 1119 1876 -
1132 1831 1165 1894 τὸ
1180 1829 1306 1904 ἱππικόν,
1327 1833 1477 1916 equibus

353 1947 463 2011 nullus
486 1947 562 2010 satis
588 1951 680 2029 aptus
702 1964 817 2009 sensus
842 1944 915 2008 elici
936 1949 1048 2027 potest.
1074 1942 1163 2019 Quae
1187 1946 1273 2009 enim
1298 1945 1387 2009 ierbi
1410 1944 1477 2025 ὀροῖν

351 2059 534 2124 illustrandi
556 2061 658 2142 gratia
680 2057 769 2122 affert
792 2056 1067 2140 Breitenbachiu'q
1090 2076 1206 2140 parum
1229 2058 1264 2120 in
1287 2078 1354 2123 rem
1373 2058 1478 2125 facero

352 2174 511 2238 videntur.

396 2288 421 2371 Ι,
447 2289 497 2351 14.
531 2286 580 2352 De
615 2286 733 2350 Zenide
767 2285 931 2349 Dardanio
964 2287 1099 2368 eiusque
1130 2305 1231 2349 uxore
1262 2284 1370 2349 Mania
1399 2287 1479 2352 haec

352 2406 539 2464 narrantur:
564 2400 659 2464 Zenis
684 2399 810 2463 Aeolidi
835 2398 1015 2482 praefectus
1038 2404 1105 2463 erat
1127 2419 1144 2462 a
1165 2398 1390 2480 Pharnabazo;
1412 2420 1478 2483 quo

353 2521 479 2579 mortuo
514 2514 622 2578 Mania
657 2533 742 2578 uxor
776 2513 845 2577 eius
880 2533 899 2575 a
928 2511 1135 2575 Pharnabazo
1167 2513 1266 2595 petiit,
1290 2531 1330 2576 ne
1355 2532 1477 2577 novum

353 2634 510 2711 satrapam
533 2629 724 2708 institueret,
748 2626 803 2691 sed
822 2627 926 2709 ipsam
947 2644 1094 2709 praeesse
1113 2625 1242 2689 Aeolidi
1261 2627 1396 2691 sineret:
1410 2645 1477 2689 non

352 2744 437 2808 enim
473 2743 581 2805 minus
616 2743 718 2824 ipsam
754 2738 961 2802 Pharnabazo
993 2738 1118 2802 fidelem
1140 2737 1207 2802 fore
1235 2739 1353 2802 sociam
1379 2758 1477 2821 quam

351 2856 466 2920 fuisset
486 2857 626 2918 maritus.
646 2853 810 2918 Concessit
829 2853 877 2916 illi
897 2852 1124 2916 Pharnabazus
1143 2852 1230 2935 quod
1242 2853 1392 2934 petierat,
1407 2854 1478 2935 ipsa

353 2987 436 3051 ergo,
456 2988 557 3051 quum
581 2968 684 3031 mariti
706 2967 774 3030 loco
787 2965 954 3030 Aeolidem
967 2964 1168 3046 obtinuisset,
1180 2984 1246 3027 non
1259 2964 1363 3028 solum
1376 2964 1479 3028 Phar-

352 3079 474 3143 nabazo
499 3079 665 3162 vectigalia
691 3077 843 3159 solvebat,
864 3077 920 3141 sed
941 3078 1209 3160 quotiescumque
1229 3077 1355 3140 adeum
1368 3079 1478 3142 venie-

352 3193 407 3257 bat
430 3192 514 3256 dona
536 3191 692 3274 afferebat,
715 3193 888 3274 ipsumque
911 3190 1165 3273 Pharnabazum,
1189 3210 1290 3274 quum
1313 3191 1348 3254 in
1368 3191 1478 3254 Aeoli·

353 3306 425 3369 dem
447 3307 508 3369 iter
529 3304 673 3387 faciebat,
693 3324 789 3388 quam
809 3305 950 3369 maxime
970 3304 1169 3387 hospitaliter
1180 3303 1368 3387 excipiebat.
1380 3303 1480 3368 Prae-

352 3426 438 3502 terea
460 3418 565 3500 urbes,
590 3438 670 3502 quas
694 3416 733 3481 ab
757 3437 793 3482 eo
817 3422 988 3501 acceperat,
1011 3419 1046 3479 in
1063 3416 1127 3481 fide
1146 3415 1310 3498 retinebat,
1323 3417 1477 3501 aliasque,

352 3550 435 3614 quae
458 3530 657 3594 Pharnabazi
680 3532 851 3614 imperium
875 3529 1098 3610 detrectabant,
1121 3528 1260 3612 subegit,
1280 3529 1478 3612 illarumque

353 3644 482 3709 urbium
513 3645 743 3726 oppugnationi
774 3645 844 3726 ipsa
876 3643 992 3706 aderat.
1025 3641 1111 3717 Quin
1142 3644 1247 3723 etiam,
1271 3660 1345 3704 oum
1376 3631 1478 3705 Phar-

352 3756 473 3820 nabazo
509 3774 602 3838 saepe
636 3758 670 3819 in
702 3754 812 3835 Mysos
843 3747 1035 3837 Pisidasque
1063 3753 1299 3836 expeditionem
1330 3752 1477 3818 faciebat

353 3867 479 3943 Quibus
510 3866 606 3931 rebus
629 3867 750 3931 factum
774 3872 829 3949 est,
855 3869 946 3930 utin
971 3885 1098 3930 summo
1122 3866 1207 3949 apud
1230 3864 1477 3930 Pharnabazum

352 3984 435 4044 esset
458 3981 585 4044 honoro.
608 3981 687 4044 Tum
713 3981 790 4043 haec
814 3984 1013 4062 sequuntur:
1045 3976 1099 4050 ἤδη
1123 3976 1155 4040 δὲ
1178 3975 1264 4050 οὔσης
1286 3978 1380 4050 αὐτῆς
1404 3979 1478 4041 ἐπῶν

352 4091 440 4155 πλέον
475 4090 492 4164 ἢ
527 4091 746 4173 τετταράκοντα
781 4091 906 4161 Μειδίας
942 4091 1082 4172 θυγατρὸς
1117 4089 1187 4170 ανὴρ
1218 4091 1312 4162 αὐτῆς
1346 4090 1382 4153 ὦν

352 4204 482 4266 εἰσελθὼν
515 4201 678 4276 ἀποπνῖξαι
713 4203 807 4276 αὐτὴν
841 4202 969 4279 λέγεται.
1004 4202 1074 4278 Quo
1108 4205 1208 4287 magis
1233 4202 1328 4267 verba
1352 4201 1405 4275 ἤδη
1430 4237 1478 4251 -—

351 4312 571 4394 τετταράκοντα
595 4316 744 4400 adspicio,
767 4335 804 4381 eo
829 4317 908 4379 mihi
932 4316 1081 4379 videntur
1103 4315 1298 4380 absurdiora.
1311 4314 1477 4391 Quorsum
