3348 5262
867 617 932 680 210

326 802 561 868 restituendum
589 801 726 867 arbitror
750 803 806 867 sed
830 805 926 868 etiam
949 803 1000 866 bis
1022 823 1048 866 o.
1069 801 1138 866 XX
1162 803 1181 884 ξ
1205 804 1246 866 20
1266 803 1335 888 (pro
1354 801 1455 867 σκατ-

328 939 415 980 rora
459 923 490 981 et
531 915 740 999 σκαττόντων).
781 916 897 1001 Neque
941 917 1118 1000 quidquam
1157 919 1312 980 interesse
1353 917 1456 1000 credo,

330 1035 440 1094 utrum
478 1031 518 1094 de
554 1049 639 1114 agro,
671 1033 728 1113 qui
759 1029 870 1113 fruges
900 1030 971 1111 fert,
994 1048 1098 1093 sermo
1122 1031 1164 1093 sit
1188 1029 1286 1112 (quod
1310 1049 1336 1092 c.
1358 1029 1458 1092 XVII

330 1138 388 1226 fit),
424 1164 465 1207 an
504 1143 542 1207 de
578 1164 654 1228 agro
690 1143 859 1208 arboribus
893 1145 1024 1207 consito.
1055 1141 1200 1226 Uterque
1230 1145 1316 1206 enim
1346 1143 1459 1208 eodem

330 1258 425 1320 modo
458 1256 652 1340 purgandus
685 1262 741 1320 est.
772 1255 887 1339 Neque
919 1275 1113 1340 quemquam
1142 1257 1177 1318 in
1201 1274 1340 1319 errorem
1362 1255 1458 1319 iudu-

331 1389 402 1434 cere
437 1376 574 1454 possunt
610 1389 656 1453 ea,
687 1389 769 1453 quae
799 1369 891 1452 XVI,
923 1370 964 1432 15
995 1369 1155 1452 leguntur,
1186 1387 1382 1452 quamquam
1410 1367 1457 1431 ibi

334 1503 464 1568 quoque
499 1483 634 1548 verbum
667 1480 809 1546 σκάπτειν
836 1488 867 1546 et
890 1481 1127 1546 substantivum
1150 1477 1204 1554 ὕλη
1228 1482 1457 1545 inveniuntur:

330 1598 396 1660 illio
427 1599 512 1662 enim
546 1597 585 1662 de
616 1595 724 1661 νοονοῐο·
756 1595 902 1660 faciendo
933 1597 1047 1680 agitur,
1071 1596 1104 1658 id
1130 1598 1236 1659 autem
1258 1599 1315 1658 aut
1338 1596 1458 1659 arando

327 1711 364 1775 fit
387 1715 442 1775 aut
465 1710 625 1775 fodiendo.

373 1823 467 1907 XIX,
502 1824 529 1887 7.
562 1824 602 1888 In
628 1825 712 1889 sicca
736 1825 834 1888 humo
858 1824 969 1888 altiore
992 1823 1104 1888 scrobe
1127 1843 1208 1908 opus
1230 1828 1278 1888 est
1300 1843 1397 1907 quarn
1418 1825 1452 1887 in

330 1939 479 2004 humida:
511 1936 575 2002 ἐπεὶ
608 1934 637 2000 ἔν
670 1961 706 2014 γε
736 1945 773 2016 τῇ
799 1938 874 2018 ὑγρᾷ
898 1935 1019 2016 ὀρύττων
1042 1935 1145 2014 βαθύν,
1169 1935 1239 2017 itte
1261 1934 1298 1999 olo
1320 1936 1456 2017 εὑρίσκονς

329 2049 382 2115 καὶ
422 2051 472 2115 οὐκ
506 2047 542 2114 ἂν
578 2047 675 2114 δύνατο
709 2046 751 2112 ἔτι
786 2049 815 2112 ἐν
849 2045 934 2112 ὕδατι
969 2047 1114 2127 corrosa
1150 2047 1236 2126 Quid
1269 2049 1331 2114 sibi
1366 2050 1454 2114 Istud

328 2161 370 2227 ἔτι
400 2165 477 2228 velit
507 2183 573 2228 non
603 2163 705 2227 video.
735 2163 774 2226 In
805 2183 889 2246 aqna
919 2165 1005 2226 enim
1030 2181 1134 2227 serere
1157 2181 1251 2228 nemo
1274 2181 1316 2228 ne
1338 2164 1451 2247 inoipIt

330 2277 470 2360 quidem.

372 2389 419 2453 lb.
442 2387 563 2462 ὁπηνίκα
587 2387 635 2453 δεῖ
654 2386 761 2452 τιθέναι
783 2385 906 2468 ἑκάτερα
932 2386 972 2450 rol
995 2386 1080 2467 φυτὰ
1103 2382 1187 2460 εἶδες.
1208 2387 1281 2452 Non
1303 2387 1342 2452 de
1360 2389 1450 2472 plan-

328 2508 435 2567 tarum
470 2502 525 2566 sed
563 2502 602 2566 de
637 2502 729 2564 humi
760 2501 881 2586 duplici
911 2520 1027 2586 genere
1058 2503 1171 2586 agitur.
1194 2500 1392 2584 Rectissime,
1415 2507 1451 2566 ut

329 2616 417 2699 solet,
439 2615 603 2679 Weisluus
628 2617 690 2696 (vir
712 2616 928 2696 acutissimus,
952 2634 1047 2698 quem
1072 2616 1171 2679 miror
1190 2617 1283 2679 toties
1303 2614 1451 2680 obedito-

327 2728 417 2792 ribus
448 2727 578 2811 negligi)
601 2727 773 2812 legendum
801 2745 870 2791 esse
894 2726 922 2788 ἕν
946 2725 1079 2810 ἑκατέρα,
1105 2733 1137 2792 et
1158 2727 1248 2792 brevi
1271 2734 1343 2812 post
1364 2729 1451 2792 laeu-

327 2861 399 2905 nam
422 2841 624 2906 statuendam
646 2841 826 2920 (nonenim
847 2841 886 2904 de
902 2840 1028 2905 serendi
1040 2842 1227 2924 temporein
1241 2842 1448 2925 sequentibus

328 2955 502 3038 quidquam
528 2955 675 3035 traditur)
700 2958 816 3018 censet.

372 3066 466 3150 XIX,
496 3069 525 3130 8.
556 3064 672 3146 πότερον
703 3064 861 3143 ὑποβαλὼν
891 3062 928 3128 ἂν
955 3072 1008 3139 τῆς
1034 3071 1090 3144 γῆς
1113 3073 1167 3140 τῆς
1189 3065 1383 3146 εἰργασμένης
1405 3063 1451 3130 οἴει

327 3182 376 3245 τον
400 3180 533 3257 βλαστὸν
557 3183 607 3243 τοῦ
629 3177 785 3254 κλήματος
809 3179 912 3242 θᾶττον
935 3186 1040 3259 χωρεῖν
1060 3179 1109 3243 lul
1127 3186 1181 3252 τῆς
1202 3187 1346 3257 μαλακῆς
1364 3178 1380 3253 ἢ
1401 3179 1449 3243 aa

328 3300 382 3367 τῆς
416 3291 507 3373 ἀργοῦ
539 3293 579 3364 εἰς
607 3292 641 3356 τὸ
672 3291 810 3372 οκλνρὸνς
840 3292 938 3356 Haud
971 3292 1081 3357 dubito
1106 3295 1185 3377 quin
1208 3293 1305 3358 verba
1327 3290 1375 3356 aa
1398 3299 1450 3366 τῆς

283 3466 288 3475 ,
328 3413 470 3484 μαλακῆς
496 3427 514 3469 a
536 3406 743 3489 grammatico
768 3406 832 3469 sint
854 3405 1002 3489 profecta.
1025 3406 1164 3472 Prorsus
1187 3407 1273 3470 enim
1295 3407 1380 3471 idem
1403 3412 1452 3471 est
1508 3387 1513 3397 ¹

327 3525 368 3595 γῆ
392 3515 568 3598 εἰργασμένη
590 3523 621 3582 et
644 3515 770 3594 μαλακή
796 3523 828 3581 et
850 3518 1085 3602 elegantissime
1104 3520 1188 3582 inter
1199 3537 1234 3582 se
1246 3523 1451 3602 opponuntur

326 3630 485 3708 ὑποβαλὼν
522 3637 576 3705 τῆς
608 3636 666 3707 γῆς
703 3637 757 3703 τῆς
788 3628 983 3709 εἷργαομέννς
1015 3637 1046 3695 et
1076 3629 1124 3694 aa
1146 3638 1200 3704 τῆς
1224 3629 1323 3711 αὀργοῡ,
1350 3651 1450 3717 eaque

326 3746 540 3829 oppositionis
563 3745 722 3830 elegantia
744 3745 805 3808 isto
828 3745 1042 3810 additamento
1065 3746 1195 3810 tollitur.

368 3857 462 3942 XIX,
486 3860 535 3923 10.
565 3859 588 3921 εἱ
612 3856 669 3936 γαρ
694 3855 738 3934 μὲν
762 3856 945 3934 σεσαγμένον
968 3855 1009 3931 εἴη
1033 3861 1086 3940 (sc.
1109 3859 1228 3923 humus
1254 3878 1319 3942 qua
1341 3858 1448 3942 planta

322 3972 549 4054 circumdatur)
583 3970 638 4034 ὑπὸ
669 3969 725 4046 μὲν
758 3974 810 4033 τοῦ
835 3966 941 4041 ὕδατος
964 3963 996 4032 εὖ
1018 3965 1075 4034 οἷδ’
1099 3968 1142 4034 ὅτι
1164 3970 1258 4043 πηλὸς
1281 3968 1318 4034 ἂν
1340 3974 1449 4048 γένοντο

323 4082 339 4156 ἡ
364 4082 494 4156 ἄτακτος
517 4091 567 4162 γῆ,
594 4083 648 4147 ὑπὸ
675 4082 706 4148 δὲ
729 4087 781 4146 τοῦ
804 4083 883 4156 ἡλίου
901 4079 975 4163 ξηροὶ
994 4083 1084 4164 μέχρι
1105 4084 1204 4161 βυθοῦ,
1218 4081 1292 4148 ὥστε
1310 4082 1448 4165 riutberti

324 4194 449 4269 κίνδυνος
473 4196 527 4261 ὑπὸ
551 4197 607 4274 μὲν
630 4201 681 4260 τοῦ
704 4193 811 4269 ὕδατος
831 4196 974 4270 σήπεσθαι
993 4194 1049 4274 μὲν
1061 4197 1097 4263 δι’
1111 4195 1269 4278 ὑγρότατα,
1281 4196 1449 4262 adulterius

325 4308 356 4374 δὲ
391 4309 439 4373 δια
470 4307 627 4392 ξηρότατα.
661 4308 742 4386 Quis
773 4310 870 4374 verbo
900 4311 1082 4376 admonitus
1113 4331 1179 4376 non
1202 4313 1289 4376 videt
1311 4312 1447 4377 alterum
