3348 5262
865 633 930 696 258

332 817 540 900 οὐδετέραν
559 817 639 896 αὐτῷ
657 815 824 888 κατέλειπε,
845 813 967 895 νομίζων
979 813 1105 892 βασιλεῖ
1114 817 1198 878 τοῦτο
1211 815 1459 889 διπλασιασθῆναι

334 931 405 1013 οὐχὶ
439 937 614 1010 πλησμονῆς
644 929 737 1003 ἕνεκα,
761 929 832 993 ἀλλ’
857 927 933 1000 ὅπως
956 925 1021 1008 ἔχοι
1044 927 1094 992 καὶ
1117 927 1208 1009 τούτῳ
1233 931 1325 1007 τιμᾶν
1348 927 1375 992 εἴ
1393 953 1462 993 τινα

334 1045 478 1124 βούλοιτο.
510 1045 617 1110 Sicine
639 1044 740 1109 vern?
764 1043 881 1108 Nonne
905 1043 1033 1107 tandem
1058 1043 1231 1126 aliquando
1254 1043 1362 1108 inedia
1385 1064 1461 1108 con-

333 1159 437 1224 fectus
461 1164 509 1222 est
533 1157 726 1241 Agesilaus?
750 1155 832 1219 Nam
857 1155 944 1238 quod
964 1155 1461 1238 Beckhausius1),hunclocnm

335 1278 373 1338 ut
406 1277 516 1336 contra
546 1271 718 1356 Hagenum
751 1269 907 1352 defendat,
939 1269 1038 1352 affert,
1061 1272 1193 1335 minime
1217 1270 1381 1354 probabile
1404 1277 1462 1335 cst.

271 1373 273 1376 ⁵
336 1387 486 1451 Affirmat
508 1388 594 1450 enim
617 1385 760 1469 Agesilai
783 1390 925 1467 tempore
944 1388 1071 1448 vetusta
1089 1384 1143 1447 illa
1160 1383 1301 1468 Lycurgi
1313 1387 1463 1449 instituta

338 1501 418 1564 dicis
441 1519 537 1564 causa
561 1504 685 1563 tantum
706 1497 868 1562 observari
888 1498 981 1562 solita
1000 1517 1079 1580 esse,
1100 1499 1311 1582 hominesque
1330 1499 1464 1582 opulen-

337 1615 443 1695 tiores,
477 1633 495 1676 a
526 1614 691 1676 communi
719 1612 776 1676 illa
799 1629 897 1675 coena
921 1629 1075 1692 reversos
1101 1611 1190 1674 domi
1213 1630 1291 1675 suae
1315 1612 1464 1696 opiparas

338 1725 399 1790 sibi
423 1725 533 1809 epulas
553 1725 710 1808 parandas
730 1725 902 1788 curavisse.
922 1724 1031 1808 Atque
1051 1724 1096 1787 ita
1114 1725 1301 1808 Agesilaum
1324 1743 1466 1808 quoque,

336 1843 505 1922 propterca
529 1839 615 1922 quod
637 1839 832 1921 pecuniosus
856 1841 950 1920 esset,
973 1836 1095 1902 fecisse.
1120 1835 1272 1902 Credisne
1295 1857 1371 1922 ergo
1393 1837 1468 1902 toa-

338 1952 477 2016 dotorom
509 1952 652 2036 Agesilai
675 1970 804 2015 narrare
828 1970 943 2014 ausum
969 1969 1049 2032 esse,
1073 1969 1148 2014 eum
1171 1949 1355 2035 Lycurgeas
1377 1952 1468 2035 leges

338 2049 448 2129 risisse
479 2069 511 2128 et
532 2083 589 2148 pro
614 2065 713 2127 nihilo
737 2063 912 2128 habuisse?
936 2063 990 2126 An
1015 2064 1096 2127 hano
1120 2065 1190 2128 eius
1213 2063 1363 2128 laudasse
1385 2064 1468 2129 libe-

337 2178 504 2260 ralitatem,
539 2177 625 2260 qnod
657 2177 753 2260 cibos,
786 2197 867 2261 quos
896 2177 968 2261 ipse
989 2176 1150 2241 fastidiret
1173 2181 1469 2262 contemneretque,

339 2291 379 2354 ad
403 2293 521 2355 amicos
545 2311 622 2356 suos
645 2291 818 2356 mittendos
841 2291 991 2356 curaret?

385 2402 467 2468 Cum
500 2404 730 2469 Valckenaerio
765 2423 840 2489 ergo
873 2405 1069 2470 censendum
1099 2411 1155 2488 est,
1179 2425 1253 2470 eum
1276 2407 1333 2489 qui
1354 2405 1468 2470 Xeno·

340 2519 496 2601 phonteos
521 2519 608 2582 locos
632 2519 679 2581 sic
702 2518 914 2602 descripserit,
936 2523 971 2582 ut
984 2520 1177 2602 paucissima
1189 2519 1287 2583 verba
1298 2520 1471 2601 omitteret,

340 2637 396 2695 aut
426 2651 530 2695 unum
563 2631 763 2716 alterumque
793 2632 907 2695 leviter
932 2633 1214 2715 immutaretnon
1238 2652 1332 2715 posse
1356 2635 1466 2717 ipsum

339 2745 587 2829 Xenophontem
623 2764 700 2810 esse.
737 2744 800 2809 Sed
835 2745 957 2808 accedit
991 2765 1112 2808 novum
1149 2750 1385 2829 argumentum,
1416 2746 1470 2810 vel

340 2861 447 2942 potius
477 2860 573 2942 longa
597 2864 861 2942 argumentorum
888 2861 995 2942 series,
1020 2878 1103 2943 quae
1126 2863 1233 2923 tamen
1257 2860 1363 2923 omnia
1387 2879 1470 2942 quo-

341 2972 510 3036 dammodo
542 2993 644 3036 unum
676 2971 822 3035 efficiant.
855 2971 950 3036 Multi
972 2974 1058 3036 enim
1082 2974 1116 3034 in
1140 2972 1290 3055 Agesilao
1314 2973 1470 3056 leguntur

340 3086 413 3167 loci,
449 3087 505 3169 qui
538 3085 577 3149 ad
600 3086 734 3149 eandem
757 3105 824 3148 rem
850 3085 928 3148 dum
951 3087 1120 3169 pertinent,
1145 3104 1227 3167 quae
1249 3091 1281 3149 et
1303 3086 1339 3148 in
1360 3085 1471 3150 Helle-

342 3200 424 3263 nicis
447 3201 612 3284 reperitur,
637 3206 742 3263 tamen
769 3204 825 3263 aut
848 3198 888 3263 ab
912 3199 1155 3263 Hellenicorum
1180 3201 1361 3263 narratione
1382 3218 1470 3264 rece-

344 3312 434 3394 dunt,
458 3317 514 3376 aut
536 3331 609 3376 oum
630 3332 667 3376 ea
686 3317 824 3392 certant3
845 3317 1018 3377 narrantur
1037 3331 1166 3396 quoque
1178 3312 1258 3376 aliae
1270 3315 1304 3375 in
1317 3312 1469 3396 Agesilao

341 3444 401 3502 res,
426 3424 464 3490 de
488 3425 606 3508 quihus
629 3428 664 3489 in
686 3425 862 3490 Hellenicis
888 3445 925 3490 ea
949 3427 988 3490 de
1011 3446 1109 3490 causa
1128 3426 1215 3490 sileri
1234 3424 1398 3509 probabile
1410 3431 1471 3508 est,

345 3539 432 3623 quod
473 3539 602 3602 illorunr
640 3541 787 3623 scriptori
828 3559 961 3623 prorsus
995 3542 1124 3624 ignotae
1157 3540 1298 3604 fuerunt.
1332 3539 1469 3603 Illorum

344 3657 450 3717 autem
483 3653 628 3716 locorum
665 3654 720 3736 qui
755 3655 833 3717 mihi
870 3656 1011 3718 maxime
1045 3654 1189 3738 insignes
1219 3653 1388 3717 videantur
1416 3653 1471 3716 hio

344 3768 554 3849 enumerabo,
591 3788 665 3851 non,
695 3769 809 3852 hercle,
840 3769 927 3852 qnod
957 3769 1081 3852 primus
1105 3787 1160 3832 eos
1184 3768 1361 3851 repperisse
1384 3765 1473 3830 credi

345 3883 456 3963 velim3
491 3884 679 3967 paucissimi
710 3883 796 3947 enim
828 3888 915 3965 sunt,
940 3883 997 3966 qui
1028 3901 1092 3945 non
1116 3882 1264 3966 legantur
1286 3879 1321 3943 in
1343 3879 1473 3964 Hageni

376 4163 404 4229 1)
423 4163 566 4227 BeckhauS,
592 4163 736 4228 Xenophon
762 4164 808 4214 der
832 4165 942 4229 Iringere
971 4163 1025 4213 und
1053 4162 1094 4213 die
1120 4163 1250 4213 Hellenica
1272 4163 1332 4212 oder
1349 4162 1414 4212 iiber
1430 4162 1473 4213 die

342 4257 472 4307 unechten
489 4253 618 4306 Schriften
637 4253 794 4319 Xenophons
813 4255 978 4320 (Programm
999 4269 1049 4304 von
1068 4252 1289 4319 Rogasen1872).

377 4348 449 4397 Idem
467 4347 496 4396 in
514 4347 540 4396 Z.
549 4347 566 4397 l.
574 4346 605 4397 G.
623 4345 698 4412 1873,
715 4363 740 4412 p.
757 4345 807 4396 225
828 4346 854 4396 h.
