3348 5262
751 629 817 693 239

216 819 247 879 et
282 834 379 879 suum
414 814 475 879 sibi
508 813 636 880 habebit
671 814 876 896 „ablativum
904 815 1142 900 instrumenti'',
1173 821 1342 902 ceteraque

217 929 374 992 sententia
399 929 517 1011 optime
542 904 697 992 decurret.
720 925 804 991 Nam
828 926 872 1005 μθ
896 924 990 1008 ὥσπερ
1011 927 1035 992 οἱ
1053 928 1295 1009 δολιχοδρόμοι..
1310 976 1341 993 ..

216 1038 404 1118 παχύνονται
416 1041 626 1105 usitatissima
637 1039 793 1106 brevitate
805 1041 926 1105 dietum
940 1043 1001 1105 erit
1010 1060 1085 1125 pro:
1103 1040 1272 1126 (ἐπιθυμῶ.
1289 1089 1296 1103 .
1312 1087 1341 1104 ..

215 1151 326 1238 ποιεῖν)
363 1150 431 1216 καὶ
466 1149 509 1230 μὴ
539 1158 668 1216 ποιεῖν
701 1149 795 1232 ὥσπερ
826 1152 851 1217 οἱ
871 1149 1158 1234 δολιχοδρόμοι....
1183 1151 1214 1218 oi
1237 1152 1341 1234 ταχθ-

216 1287 321 1330 νονται.
355 1264 444 1342 Quae
475 1268 669 1331 constructio
701 1268 850 1351 quamvis
879 1269 921 1332 sit
944 1267 1212 1351 frequentissima,
1234 1273 1342 1333 tamen

215 1399 319 1463 panea
343 1381 498 1464 quaedam
522 1381 670 1465 exempla
693 1380 872 1446 adscribere
901 1381 1007 1445 lubet:

261 1493 352 1557 Plato
383 1493 480 1558 Conv.
512 1495 576 1558 179
606 1493 650 1558 E:
674 1491 727 1558 καὶ
750 1493 888 1567 ἐποίησαν
911 1494 958 1558 τὸν
983 1491 1105 1558 θάνατον
1128 1491 1263 1574 Ὀρφέως
1287 1493 1342 1560 ὑπὸ

217 1610 361 1684 γυναικοῖν
396 1605 537 1684 γενέσθαι,
573 1608 632 1687 οὐχ
667 1603 760 1688 ὥσπερ
795 1605 948 1687 Ἀχιλλέα
978 1607 1026 1671 τὸν
1056 1612 1110 1681 τῆς
1140 1605 1260 1680 Θέτιδος
1284 1607 1340 1673 υἱὸν

216 1719 371 1798 ἐτίμησαν,
404 1741 477 1805 pro:
501 1718 552 1784 καῖ
579 1721 638 1800 οὐχ
661 1717 754 1801 ὥσπερ
778 1721 826 1785 τὸν
850 1719 1020 1800 Ἀχιλλέως
1033 1768 1040 1783 .
1055 1768 1062 1783 .
1077 1767 1107 1784 ..
1133 1719 1162 1784 ὃν
1185 1719 1339 1798 ἐτίμησαν.

265 1833 349 1898 Xen.
375 1833 447 1899 Oen.
470 1834 545 1918 XV,
570 1835 629 1898 10:
654 1835 712 1914 οὐχ
736 1831 829 1914 ὥσπερ
852 1858 889 1912 γε
911 1833 967 1902 τοῖς
991 1833 1091 1906 άλλας
1113 1831 1226 1914 τέχνας
1244 1857 1342 1899 κατα-

216 1947 349 2029 τμιβῆναι
380 1947 428 2012 δεῖ
455 1945 658 2026 μανθάνοντας
689 1945 754 2029 πρὶν
785 1944 856 2021 ἄξια
887 1953 941 2022 τῆς
963 1953 1074 2030 τροφῆς
1097 1947 1269 2028 ἐργάζεσθαι
1293 1949 1341 2014 τὸν

217 2059 423 2139 διδασκόμενον
444 2058 515 2126 οὕτω
538 2060 587 2126 καὶ
611 2061 627 2134 ά
651 2060 777 2142 γεωργία
801 2059 939 2134 δύσκολός
961 2061 1023 2125 ε’στι
1047 2061 1160 2139 μαθεῖν,
1184 2081 1259 2146 pro:
1281 2062 1341 2141 οὐχ

218 2171 311 2255 ὥσπερ
346 2173 378 2238 αἱ
406 2171 500 2238 άλλαι
530 2173 646 2255 τέχναι,
677 2170 715 2246 άς
745 2173 959 2255 κατατριβῆνοιι
982 2173 1031 2237 δεῖ
1050 2171 1253 2252 μανθάνοντας
1277 2174 1339 2239 avi.

260 2286 376 2370 Lysias
405 2287 533 2371 XXXI,
566 2291 602 2352 9:
635 2286 700 2353 οὐδὲ
723 2283 816 2367 ὥσπερ
839 2284 904 2351 ἔνιοῖ
925 2310 998 2359 τινες
1021 2291 1077 2350 τῶν
1100 2290 1225 2352 πσλιτῶν
1248 2310 1336 2365 μετε-

217 2397 356 2477 βάλοντο,
384 2399 481 2474 ἐπειδὴ
505 2399 592 2480 ἐώρων
616 2399 683 2472 τοὺς
705 2399 765 2464 άπὸ
790 2406 889 2473 Φυλῆς
911 2400 1123 2480 εὐτυχοῦντας,
1145 2400 1208 2464 οὐδὲ
1231 2397 1340 2465 τοθτιον

216 2536 244 2576 τι
267 2515 323 2576 τῶν
345 2510 563 2592 εὐτυχημάτων
585 2509 688 2587 ἠξίωσε
710 2519 886 2592 μετασχεῖν,
910 2533 966 2598 pro
991 2509 1085 2594 ὥσπερ
1109 2511 1174 2578 ἔνιοί
1190 2537 1264 2587 τινες
1284 2516 1340 2578 τῶν

217 2628 340 2689 πολιτῶν
363 2625 501 2699 ε’πσθησαν
524 2663 566 2674 ·-
590 2621 614 2690 οἳ
639 2622 850 2703 μετεβάλοντο.

261 2741 303 2824 11,
327 2742 378 2805 20.
406 2741 544 2807 Socratis
566 2741 797 2806 deformitatem
822 2743 867 2804 ita
889 2742 972 2805 ridet
993 2741 1177 2826 Philippus:
1204 2737 1274 2805 οὕτω
1297 2739 1339 2803 τά

217 2852 306 2928 σκέλη
339 2860 399 2922 τοῖο
430 2853 517 2932 ὤμοις
548 2853 646 2935 Φαῖνει
677 2852 798 2935 ῖσοφθρα
821 2852 900 2934 ἔχειν
925 2851 996 2926 birra
1018 2854 1112 2926 δοκεῖς
1136 2853 1212 2932 ε’μοῖ,
1235 2851 1290 2917 κάν
1314 2853 1338 2916 εἷ

217 2973 279 3040 τοῖς
309 2965 500 3048 άχορανθμοις
528 2964 683 3049 άφιστῲνς
716 2964 809 3047 ὥσπερ
832 2964 934 3047 άρτσυς
957 2965 997 3031 τά
1019 2963 1099 3030 κάτον
1126 2967 1194 3046 πρὸς
1216 2964 1257 3029 τά
1280 2964 1337 3062 άνιυ

216 3078 343 3160 άζιθμιιο
377 3078 413 3144 ῖιν
447 3078 589 3158 γενέσθαι.
624 3080 756 3146 Frustra
790 3100 825 3146 se
860 3085 1074 3146 exercuerunt
1103 3081 1164 3144 viri
1195 3080 1281 3144 dooti
1304 3081 1340 3143 in

217 3195 405 3278 explicando
426 3191 589 3277 οῖφιστῴνς.
614 3195 756 3260 Barbara
779 3197 863 3261 enim
888 3195 990 3259 forma
1014 3199 1070 3279 est,
1092 3214 1199 3279 neque
1215 3196 1243 3260 si
1262 3195 1339 3279 legi-

216 3311 324 3373 timam
355 3307 519 3388 οῖφισταῖνς
550 3311 710 3392 restituas,
739 3310 828 3375 ullus
859 3314 952 3393 aptus
976 3328 1090 3375 sensus
1115 3328 1155 3374 ex
1180 3328 1217 3373 eo
1240 3308 1342 3386 verbo,

216 3424 316 3507 possit
345 3423 432 3487 elici:
464 3424 595 3488 minime
625 3443 699 3489 vero
730 3425 883 3506 omnium,
915 3423 994 3507 quid
1024 3422 1085 3488 sibi
1108 3423 1186 3488 velit
1209 3423 1337 3489 dativus

215 3541 274 3608 τοῖς
307 3535 498 3617 άχομανθμοις
532 3537 636 3602 dinero
671 3537 843 3621 quisquam
877 3538 984 3621 posuit.
1016 3535 1089 3601 Non
1123 3535 1232 3600 dubito
1257 3537 1338 3620 quin

215 3649 396 3734 Xenophon
421 3651 598 3734 scripserit:
622 3647 789 3730 άφιστάναι
812 3648 898 3723 δοῖνο,
923 3651 998 3734 quia
1017 3651 1063 3714 sio
1083 3654 1114 3714 et
1135 3649 1262 3713 dativus
1275 3655 1337 3720 τοῖς

215 3759 405 3843 ιῖχιρανθμιις
428 3762 557 3827 habebit
581 3763 666 3828 uude
691 3764 836 3848 pendeat,
859 3767 891 3827 et
913 3763 1076 3846 aptissima
1095 3766 1246 3826 nascetur
1266 3780 1337 3826 sen-

215 3877 331 3939 tentia:
364 3875 451 3961 fingo
485 3877 569 3941 enim
604 3877 679 3940 olim
713 3875 887 3962 pistoribus
920 3895 1019 3961 panes
1054 3875 1095 3939 ad
1125 3893 1335 3958 agoranomos

214 3989 361 4055 ferendos
383 3990 491 4068 fuisse,
514 3996 551 4054 ut
573 4009 616 4055 ex
639 4010 749 4055 eorum
776 3992 1013 4075 comparatione
1036 3993 1208 4073 appareret,
1227 4007 1335 4072 panes,

216 4105 272 4187 qui
307 4103 416 4168 eodem
450 4106 552 4188 pretio
586 4105 740 4187 venirent,
770 4106 867 4169 etiam
900 4104 1010 4169 eodem
1034 4122 1104 4168 esse
1125 4103 1271 4187 pondere.
1296 4101 1334 4165 Id

213 4217 321 4301 ipsum
355 4218 439 4281 enim
476 4218 641 4298 ,duarum
670 4237 778 4282 rerum
812 4217 939 4302 pondus
961 4218 1045 4280 inter
1069 4235 1103 4280 se
1127 4214 1333 4299 comparare’'

214 4331 339 4414 egregie
362 4330 560 4414 significatur
580 4332 742 4396 locutione
766 4328 935 4412 άφιστάναι
958 4352 986 4393 τι
1011 4329 1079 4410 πρός
1101 4351 1138 4392 τι.
