3330 5262
1257 513 1296 604 Ἀ

744 624 806 688 341

217 811 267 874 ούιι
301 807 337 873 u
371 809 532 887 δυναίμεθα
566 809 618 890 πρὸ
653 804 715 888 ἦρος
751 808 826 890 πεζῇ
861 811 992 887 ἀραρεῖν
1022 813 1201 894 integrum¹
1220 812 1345 876 mansit.

261 924 287 1006 1,
312 924 362 986 18.
385 921 613 987 Pharnabazus
638 921 832 987 Graecorum
856 924 956 1006 copiis
973 925 1159 1011 'conspectis
1181 922 1234 984 οὐκ
1254 920 1345 998 ε’μέλ-

217 1050 305 1109 λησεν
326 1034 410 1098 άλλά
433 1032 672 1115 προστησάμενος
695 1032 736 1097 τά
759 1032 894 1115 άρματα,
915 1032 1055 1106 αύτοςδὲ
1067 1033 1120 1097 σὺν
1132 1039 1194 1106 τοῖς
1207 1033 1344 1098 ἱππεῦσιν

216 1147 330 1213 θπισθεν
360 1147 524 1225 γενόμενος,
556 1146 706 1211 ἐκέλευσεν
737 1146 865 1212 ἐλαύνειν
893 1147 932 1218 εἷς
956 1144 1072 1219 αύτούς.
1098 1146 1147 1211 Ne
1172 1148 1251 1230 quid
1273 1167 1345 1212 sen-

216 1265 334 1328 tentiae
373 1267 552 1327 structurae
587 1256 677 1343 desit,
711 1266 783 1344 post
817 1257 1057 1341 προστησάμενος
1092 1260 1263 1325 inserenda
1297 1266 1345 1324 est

216 1376 373 1460 particula
396 1373 461 1451 μέν.
995 1375 997 1380 ’

259 1490 285 1572 Ι,
321 1489 371 1552 26.
407 1487 601 1573 Herippidas
632 1509 706 1553 eum
738 1488 904 1552 nonnullis
934 1487 1096 1572 peditibus
1129 1507 1171 1552 ex
1201 1487 1345 1571 Agesilai

217 1603 370 1684 exercitu,
406 1602 500 1666 sociis
536 1601 598 1665 sibi
632 1599 748 1664 additis
784 1600 979 1684 Spithridate
1010 1606 1042 1665 et
1072 1599 1343 1684 Paphlagonibus,

216 1715 329 1778 eastris
356 1709 564 1777 ¹Pharnabazi
596 1715 718 1797 potitur
750 1719 782 1777 et
811 1714 975 1797 ingentem
997 1713 1148 1797 praedam
1171 1713 1254 1776 iacit.
1277 1708 1342 1798 ἐπεὶ

215 1825 247 1890 δὲ
270 1825 310 1888 τά
334 1824 487 1906 ληφθέντα
510 1826 671 1903 άπάηαηον
696 1822 776 1890 οῖ”τε
799 1823 1003 1905 Παφλαγόνες
1026 1823 1078 1888 καὶ
1102 1825 1115 1888 ὂ
1137 1821 1341 1905 Σπιθριδάτης,

215 1940 386 2013 ὑποσπάσας
410 1938 595 2019 Ἡριππίδας
617 1935 797 2019 ταξιάρχους
816 1936 868 2002 καὶ
889 1935 1340 2017 λοχαγοὺςάφεθλετοάπαντα.

214 2055 267 2118 Ad
297 2053 433 2118 verbum
465 2051 635 2126 ὑποστήσας
665 2052 894 2138 explicandum
928 2052 1022 2136 vulgo
1047 2051 1177 2115 affertur
1201 2052 1342 2114 narratio

215 2187 257 2232 ex
279 2166 423 2231 Anabasi
448 2167 514 2250 (IV,
540 2168 569 2249 1,
593 2168 656 2250 14),
680 2169 876 2249 quamquam
896 2184 938 2229 ex
956 2165 1012 2228 illa
1023 2165 1205 2228 narratione
1216 2163 1340 2246 liquido

215 2285 353 2365 apparet,
387 2281 441 2343 hie
474 2275 556 2343 illud
590 2279 725 2344 verbum
756 2279 875 2342 iniuria
904 2279 990 2362 peni.
1020 2277 1091 2340 Illis
1122 2278 1209 2341 enim
1233 2277 1341 2359 duces,

213 2395 404 2478 portitorum
435 2395 537 2456 instar
566 2392 603 2454 ἐν
634 2391 753 2471 στενῷ
785 2387 1030 2462 ὑποστάντες
1062 2390 1140 2453 dum
1164 2388 1281 2453 milites
1305 2408 1340 2454 se

214 2509 291 2572 dant
313 2509 348 2570 in
372 2509 467 2589 viam,
490 2507 670 2590 inspiciunt
692 2505 837 2569 ferantne
859 2523 969 2569 seeum
992 2502 1115 2586 aliquid
1138 2504 1194 2564 τῶν
1216 2501 1339 2582 άπορρά-

213 2643 278 2684 τιον.
304 2619 368 2683 Hie
391 2625 502 2683 eontra
521 2618 644 2698 praeda
668 2623 733 2682 tota
753 2617 789 2680 θα
811 2616 909 2681 medio
931 2617 1017 2694 ineat,
1035 2616 1183 2700 nihilque
1203 2615 1340 2699 Paphla-

212 2752 312 2817 gones
335 2734 406 2796 eius
425 2731 578 2795 celarunt.
599 2729 684 2806 Quid
703 2733 810 2794 autem
832 2728 1134 2812 Herippidasfaeit?
1146 2729 1339 2792 Taxiarchos

213 2855 244 2912 et
266 2847 416 2931 loehagos
440 2845 527 2908 illam
548 2844 703 2908 custodire
720 2843 818 2907 iubet.
838 2842 936 2906 Recte
955 2843 1029 2924 erge
1047 2842 1114 2904 iam
1127 2839 1339 2905 Leonelavius

212 2961 293 3024 vidit
315 2957 481 3032 ἐπιστήσας
503 2977 573 3022 esse
601 2957 780 3042 legendum.

256 3072 282 3154 Ι,
306 3073 356 3135 27.
380 3071 590 3155 Spithridates
610 3076 641 3135 et
660 3069 881 3153 Paphlagones
901 3068 1163 3150 iniuriumsupra
1175 3071 1334 3130 narratam

211 3188 352 3271 graviter
393 3185 531 3249 ferentes
565 3183 666 3255 νυκτὸς
701 3178 951 3257 συσκευασάμενοι
984 3178 1095 3260 ᾤχοντο
1129 3178 1264 3250 άπίοντες
1298 3178 1338 3251 εἰς

212 3296 333 3378 Σάρδεις
364 3297 432 3377 πρὸς
462 3297 597 3370 Ἀριαῖον,
627 3293 848 3366 πιστεύσαντες,
872 3290 914 3356 ύτι
936 3289 989 3355 καὶ
1013 3291 1026 3354 ὃ
1048 3292 1178 3370 Ἀριαῖος
1201 3289 1337 3362 άποστάς

212 3409 359 3488 βασιλέως
393 3407 574 3493 ἐπολέμησεν
609 3408 698 3487 αύτῷ.
732 3406 783 3471 Ne
817 3407 975 3471 Graecum
1010 3406 1141 3489 quidem
1172 3410 1220 3469 est
1249 3405 1337 3469 istud

211 3522 421 3595 πιστεύσαντες
463 3525 510 3586 sie
552 3522 698 3586 absolute
732 3523 889 3604 positum:
927 3520 1098 3583 dicendum
1133 3519 1218 3582 enim
1251 3521 1335 3582 erat:

212 3635 421 3707 πιστεύσαντες
444 3635 484 3714 τῷ
507 3633 614 3714 Ἀριαθ,
650 3633 714 3715 (vel
737 3635 846 3717 potius
869 3632 960 3710 αύτῷ,
986 3633 1063 3715 quia
1085 3649 1203 3694 nomen
1227 3630 1337 3692 Ariaei

212 3752 358 3835 proxime
379 3750 549 3834 praeeedit)
572 3745 614 3811 ύτι
637 3745 690 3810 καὶ
714 3746 803 3816 αύτθς
825 3744 963 3816 οἰποστάς
986 3741 1133 3820 βασιλέως
1153 3740 1336 3819 ἐπολέμησεν

212 3863 299 3943 αύτῷ.
312 3862 374 3926 Sed
388 3862 517 3926 omnino
530 3862 730 3944 ineptissime
742 3865 844 3925 totum
858 3858 939 3921 illud
952 3855 1164 3928 πιστεύσαντες
1178 3893 1219 3902 -
1232 3852 1334 3918 ἐπολέ-

212 3998 306 4052 μησεν
330 3975 409 4054 αθτῴ
437 3974 581 4038 additur:
603 3975 695 4057 quasi
714 3991 798 4053 vern,
818 3971 905 4055 quod
924 3971 1062 4033 Ariaeus
1075 3969 1151 4032 olim
1164 3987 1239 4032 eum
1250 3967 1337 4050 Rege

212 4087 323 4153 bellum
343 4087 494 4170 pesse’sset,
517 4087 588 4151 ideo
614 4105 688 4149 eum
709 4087 808 4169 copiis
829 4085 897 4147 suis
916 4082 956 4145 ad
976 4102 1051 4146 eum
1063 4084 1219 4145 transiret.
1234 4078 1335 4143 Credo

212 4202 347 4265 sciolum
378 4201 518 4284 aliquem
540 4200 595 4263 illa
617 4199 716 4264 verba
739 4199 953 4281 adscripsisse,
977 4198 1030 4260 eui
1053 4195 1277 4278 intempestive
1299 4195 1334 4256 in

211 4320 350 4380 mentem
383 4316 524 4379 venisset
554 4315 706 4377 Ariaeum
740 4311 817 4376 olim
846 4313 881 4374 in
909 4311 1019 4375 eadem
1050 4327 1148 4372 eausa
1170 4313 1333 4372 versatum
