3352 5260
869 577 932 640 172

379 762 403 824 I.
435 761 518 826 Satis
545 761 638 825 multi
661 761 915 827 Memorabilium
939 764 999 826 loci
1023 768 1152 846 propter
1175 764 1364 848 elegantiam
1388 784 1457 829 ora·

334 877 497 959 tionisque
532 877 667 939 nitorem
704 876 792 940 haud
825 878 944 961 exigua
977 877 1072 941 laude
1101 878 1192 960 digni
1221 882 1307 960 sunt,
1339 897 1458 960 eosque

336 991 446 1055 sedulo
479 991 620 1054 indicavi
650 990 757 1055 addita
782 1009 1016 1074 nonnunquam
1041 1011 1146 1073 causa,
1170 1010 1268 1075 quare
1291 992 1370 1054 mihi
1391 996 1456 1055 tam

334 1104 504 1188 placerent.
529 1102 687 1168 Omnibus
710 1109 819 1168 tamen
841 1104 906 1167 illis
930 1102 1162 1168 Oeconomicus
1185 1104 1280 1187 longe
1302 1109 1456 1188 praestat:

334 1219 451 1282 vivunt
485 1218 569 1281 enim
605 1218 641 1280 iu
675 1236 712 1281 eo
744 1216 851 1282 libello
884 1219 1070 1301 spirantque
1099 1220 1215 1281 omnia.
1246 1218 1370 1283 Audire
1399 1218 1458 1282 tibi

319 1330 453 1412 vvideris
480 1331 586 1414 ipsum
612 1330 857 1395 Ischomachum
882 1339 1017 1394 uxorem
1042 1351 1133 1396 suam
1155 1331 1259 1414 lepide
1283 1331 1458 1415 docentem,

336 1461 418 1525 quae
447 1449 578 1507 matrem
601 1443 738 1507 famffias
762 1444 882 1508 discere
906 1449 1037 1528 oportet,
1059 1444 1099 1508 ad
1123 1463 1233 1508 curam
1255 1445 1302 1508 rei
1324 1444 1457 1508 familia·

334 1558 379 1620 ris
410 1554 588 1619 habendam
620 1558 755 1640 egregiis
787 1557 942 1639 exemplis
972 1557 1167 1638 incitantem,
1197 1556 1310 1620 leniter
1339 1557 1458 1621 luxum

335 1670 537 1752 nimiumque
568 1671 709 1753 corporis
741 1674 889 1733 ornatum
920 1671 950 1733 ei
980 1668 1191 1751 obiicientem,
1220 1670 1305 1734 vitae
1334 1668 1458 1734 sobriae

334 1780 534 1864 frugalisque
563 1786 595 1846 et
625 1784 748 1848 streuui
771 1781 889 1846 laboris
911 1782 1023 1847 laudes
1046 1787 1118 1866 apte
1140 1782 1379 1866 prudenterque
1401 1801 1458 1846 ex·

335 1895 514 1959 tollentem:
538 1896 629 1960 vides
652 1897 759 1960 vuum
778 1898 954 1980 sapientem
972 1894 1233 1978 laboriosumque
1255 1896 1294 1960 de
1306 1896 1357 1959 die
1370 1898 1457 1979 operi

335 2009 455 2072 rustico
475 2008 724 2090 incumbentem,
744 2029 853 2074 servos
872 2028 949 2074 suos
959 2009 1143 2073 laudantem
1160 2013 1342 2073 monentem
1354 2026 1460 2092 repre·

335 2123 535 2205 hendentem,
570 2122 716 2206 exemplo
751 2142 810 2186 suo
844 2124 885 2186 iis
917 2128 1132 2206 praeeuntem,
1167 2121 1244 2204 quid
1274 2121 1455 2185 faciendum

335 2234 414 2319 quid
438 2235 605 2298 vitandum
629 2236 671 2299 sit
693 2254 770 2298 sano
794 2240 825 2298 et
844 2254 918 2299 vere
937 2236 1154 2319 philosophico
1174 2234 1293 2298 iudicio
1315 2239 1457 2298 statuen-

334 2354 407 2413 tem.
432 2347 494 2412 Sed
519 2348 597 2430 quid
620 2350 700 2411 meis
724 2367 805 2431 opus
828 2353 876 2412 est
894 2347 1026 2412 verbis?
1047 2347 1277 2431 Quaecumque
1296 2347 1335 2411 ad
1347 2347 1457 2412 Xeno·

335 2463 463 2546 phontis
487 2460 735 2525 Oeconomicum
755 2461 952 2525 laudandum
973 2460 1110 2524 conferri
1129 2466 1274 2544 possunt,
1292 2480 1330 2525 ea
1349 2463 1458 2525 omnia

336 2575 462 2658 collegit
489 2573 789 2656 elegantissimoque
813 2579 844 2637 et
866 2574 951 2638 lectu
974 2573 1208 2637 iucundissimo
1231 2593 1378 2638 sermone
1401 2593 1457 2638 ex·

335 2689 442 2771 posuit
476 2686 637 2750 Groisetus
671 2707 699 2770 p.
733 2687 925 2749 164-184:
957 2690 1043 2770 ipsas
1073 2688 1102 2750 ei
1132 2685 1243 2750 Musas
1267 2685 1458 2770 Gratiasque

335 2801 475 2865 adfuisse
499 2800 586 2864 dicas
608 2800 690 2864 illud
714 2804 810 2883 caput
833 2798 992 2864 scribenti.
1016 2799 1126 2862 Unum
1150 2799 1241 2880 addc,
1261 2818 1333 2862 cum
1358 2797 1456 2863 Oeco-

335 2917 461 2978 nomico
485 2915 612 2978 nullum
636 2932 653 2978 θ
675 2913 918 2997 Xenophonteis
940 2911 1031 2976 libris
1049 2917 1174 2996 praeter
1193 2912 1358 2976 Anabasin
1371 2917 1457 2976 recte

335 3028 471 3092 conferri
493 3046 603 3111 posse:
630 3027 693 3090 duo
716 3026 764 3089 illi
786 3024 859 3088 libri
882 3030 967 3106 sunt,
992 3026 1048 3107 qui
1071 3043 1146 3108 prae
1169 3026 1281 3089 ceteris
1306 3024 1455 3089 omnibus

335 3142 482 3205 lectorem
508 3141 664 3205 delectent
688 3145 719 3204 et
738 3145 902 3222 tamquam
921 3140 1065 3202 vinctum
1085 3139 1276 3201 narrationis
1293 3143 1456 3220 praestan-

334 3256 379 3318 tia
405 3259 542 3319 teneant.
565 3252 659 3329 Quod
681 3259 788 3318 autem
810 3252 1002 3336 Roquettius
1026 3252 1103 3315 dicit
1125 3255 1164 3335 (p.
1189 3252 1258 3331 lbl:
1287 3250 1456 3332 ,Oecono-

336 3369 439 3431 micus
472 3385 538 3430 non
572 3367 667 3430 modo
702 3366 826 3450 epilogo
862 3370 955 3447 caret,
991 3364 1164 3429 sedetiam
1187 3363 1278 3426 nulle
1298 3362 1364 3427 fere
1388 3368 1455 3426 arte

335 3480 530 3563 compositus
571 3483 636 3559 est3
671 3499 747 3543 nam
780 3497 854 3542 cum
888 3479 980 3542 initio
1016 3479 1151 3561 scriptor
1185 3476 1346 3541 Socratem
1380 3496 1455 3540 oum

335 3592 499 3657 Critobulo
524 3593 739 3678 disputantem
761 3593 879 3674 fecerit,
902 3593 976 3656 inde
999 3612 1017 3655 a
1037 3593 1170 3676 septimo
1189 3593 1291 3675 capite
1310 3590 1455 3656 Socrates

332 3707 436 3790 ipsius
466 3725 541 3770 cum
573 3705 779 3770 Ischomache
809 3706 1006 3789 colloquium
1037 3708 1153 3787 narrat,
1177 3704 1263 3788 quod
1286 3722 1391 3787 usque
1415 3705 1455 3768 ad

332 3819 430 3883 finem
460 3819 534 3884 libri
565 3821 779 3902 continuatur,
810 3838 916 3903 neque
947 3819 1106 3902 quomodo
1137 3818 1342 3882 discesserint
1369 3836 1455 3880 com·

333 3938 536 4012 memoratur,
568 3951 673 4016 neque
704 3931 859 3996 Critobuli
889 3934 954 3996 iam
984 3933 1064 3996 ratio
1095 3929 1259 4012 habetur”,
1286 3949 1399 3994 verum
1420 3930 1454 3994 id

334 4047 464 4130 quidem
498 4051 555 4128 est,
591 4046 647 4110 sed
681 4051 803 4130 poterat
836 4045 999 4129 aliquanto
1034 4045 1140 4109 lenius
1171 4043 1339 4108 enuntiari.
1370 4041 1454 4106 Nam

333 4179 427 4244 aegre
459 4160 587 4242 quidem
619 4165 650 4224 et
671 4161 740 4243 ipsc
762 4159 839 4241 fero,
862 4158 1008 4222 absoluta
1031 4159 1212 4221 narratione
1235 4156 1273 4220 de
1296 4175 1355 4219 suo
1379 4175 1455 4219 cum

334 4274 540 4338 Ischomacho
560 4273 728 4357 colloquio,
748 4271 909 4337 Socratem
930 4289 1048 4335 senon
1069 4271 1174 4334 denuo
1194 4269 1234 4333 ad
1254 4267 1456 4332 Critobulum
