3352 5260
869 613 931 690 110

332 813 425 876 tertio
465 811 704 876 demonstratur
738 813 814 877 deos
848 812 999 879 omnibus
1032 812 1135 878 modis
1170 814 1311 876 humano
1345 810 1457 895 generi

331 924 512 1009 prospicere
534 925 673 1009 ideoque
694 926 736 990 iis
756 925 796 990 ab
816 926 1000 991 hominibus
1019 927 1153 1010 gratiam
1166 923 1456 991 essereferendam.

332 1036 480 1122 Scriptor,
518 1039 575 1122 qui
609 1039 830 1103 adversarium
862 1039 1053 1123 redarguere
1084 1038 1188 1122 vellet,
1213 1057 1272 1102 suo
1295 1037 1366 1101 loeo
1391 1036 1455 1099 hoc

334 1154 430 1233 ceput
452 1152 622 1234 posuisset,
645 1152 664 1214 i.
677 1169 702 1215 e.
728 1156 825 1215 totam
850 1151 936 1215 illam
958 1152 1206 1236 disputationem
1226 1155 1298 1235 post
1315 1146 1458 1233 caputII

333 1263 408 1327 libri
437 1262 454 1326 I
484 1263 662 1329 defensioni
695 1283 772 1328 suae
794 1265 989 1328 inseruisset.
1013 1263 1109 1329 Nunc
1132 1265 1240 1348 inepte
1263 1280 1328 1326 non
1352 1261 1456 1325 solum

335 1377 383 1442 bis
413 1377 499 1442 idem
530 1378 655 1461 dicitur,
682 1379 743 1457 ¹sed
774 1379 869 1442 etiam
902 1377 1016 1442 iisdem
1038 1376 1153 1442 verbis.
1177 1376 1260 1441 Nam
1284 1377 1385 1460 capite
1408 1371 1459 1436 HI

334 1489 424 1554 Libri
453 1491 470 1554 Ι
503 1496 652 1555 narratur
680 1489 841 1556 Socratem
866 1491 1014 1556 docuisse
1037 1496 1069 1555 et
1091 1489 1168 1570 νόμῳ
1191 1489 1302 1561 πόλεως
1326 1495 1357 1552 et
1379 1486 1462 1551 κατὰ

335 1602 461 1681 δύναμιν
484 1605 560 1668 deos
584 1604 734 1669 colendos
758 1624 839 1688 esse,
862 1607 964 1690 capite
987 1604 1038 1668 ΙΠ
1060 1604 1094 1668 L.
1114 1605 1163 1668 IV
1183 1604 1222 1669 de
1241 1605 1352 1669 eodem
1365 1623 1462 1687 argue

336 1724 445 1781 mento
477 1720 523 1782 ita
552 1719 720 1802 disputans
742 1719 918 1802 inducitur,
943 1725 1033 1783 utet
1055 1719 1190 1800 Pythiae
1215 1718 1270 1782 illo
1293 1721 1461 1802 praecepto

336 1836 368 1896 et
389 1838 501 1916 poetae
523 1851 620 1897 versu
643 1839 760 1898 utatur.
785 1832 894 1918 Capite
917 1840 1030 1918 quarto
1054 1835 1190 1898 narratis
1210 1833 1307 1898 rebus
1329 1832 1463 1916 quibus-

337 1946 418 2030 dam,
454 1964 536 2030 quae
571 1948 693 2011 nemini
725 1949 853 2031 ignotae
884 1967 954 2012 esse
985 1949 1117 2032 possint,
1142 1948 1220 2012 satis
1243 1943 1462 2027 ἀπροςδοκήτως

337 2061 492 2124 transitur
516 2060 555 2123 ad
582 2061 779 2144 colloquium
804 2060 964 2145 quoddam
984 2061 1060 2125 olim
1080 2060 1325 2125 aSocratecum
1337 2059 1458 2143 Hippia

336 2173 491 2257 habitum,
523 2193 540 2238 e
572 2195 638 2258 quo
661 2175 742 2238 nihil
765 2174 864 2240 lector
887 2175 1008 2240 discere
1030 2177 1132 2259 possit
1155 2180 1282 2259 praeter
1307 2174 1351 2257 id,
1375 2173 1462 2258 quod

336 2306 378 2351 ne
413 2288 561 2351 acerrimi
597 2287 737 2371 quidem,
770 2292 806 2352 ut
840 2290 960 2372 opinor,
993 2287 1130 2352 Socratis
1159 2289 1283 2352 inimici
1315 2306 1461 2371 unquam

337 2403 493 2485 negarint,
517 2406 617 2466 artem
638 2401 814 2466 disserendi
834 2403 1098 2486 adversariosque
1111 2401 1323 2466 convincendi
1335 2402 1461 2485 egregie

338 2515 501 2579 Socratem
523 2514 680 2579 calluisse.
705 2515 808 2599 Caput
833 2518 983 2600 quintum
1002 2516 1144 2581 ciusdem
1159 2521 1207 2581 est
1217 2518 1355 2600 generis,
1367 2517 1461 2580 cuius

339 2628 517 2691 secundum
550 2631 581 2691 et
612 2632 771 2711 quartum.
804 2626 867 2704 Qui
891 2631 976 2693 enim
1001 2631 1061 2694 hoc
1084 2634 1180 2714 caput
1202 2629 1322 2713 legerit,
1348 2629 1462 2693 callide

340 2742 471 2826 quidem
494 2746 526 2806 et
547 2742 722 2826 prudenter
745 2742 960 2827 disputantem
981 2742 1142 2808 Socratem
1156 2743 1375 2826 admirabitur,
1389 2743 1461 2806 doo-

337 2858 455 2920 trinam
490 2857 559 2921 eius
593 2862 624 2921 et
658 2861 825 2941 praecepta
858 2877 923 2921 non
956 2877 1146 2942 magnopere
1177 2857 1328 2922 laudabit.
1353 2857 1462 2941 Capite

339 2976 430 3034 sexto
462 2976 692 3035 enumerantur
722 2963 896 3034 multarum
926 2991 1033 3036 rerum
1059 2971 1259 3035 definitiones
1283 2970 1462 3036 Socraticae

339 3084 380 3147 ad
410 3084 588 3148 docendum
618 3083 780 3148 Socratem
804 3082 1072 3165 διαλεκτικωτέρους
1095 3085 1210 3148 fecisse
1233 3086 1352 3149 amicos
1376 3103 1462 3148 suos.

341 3194 421 3272 Quis
453 3197 561 3261 credat
594 3203 657 3262 tam
692 3199 838 3282 ineptum
867 3198 969 3262 fuisse
998 3197 1254 3281 Xenophontem,
1278 3203 1315 3262 ut
1337 3201 1465 3282 putaret

340 3310 393 3376 vel
423 3317 640 3376 accusatorem
673 3314 708 3375 in
737 3312 867 3395 iudicio,
889 3313 941 3377 vel
973 3313 1145 3395 sophistam
1171 3312 1364 3376 accusatoris
1391 3329 1465 3395 per-

341 3445 454 3490 sonam
494 3430 658 3509 gerentem
693 3426 850 3489 eiusmodi
887 3427 1127 3490 enumeratione
1161 3426 1309 3489 convinci
1344 3423 1463 3508 posse?

340 3538 455 3623 Neque
486 3540 547 3603 hoc
573 3539 809 3623 negligendum,
831 3541 939 3623 ipsum
965 3538 1027 3603 sibi
1049 3538 1180 3624 obloqui
1203 3539 1464 3624 Xenophontem,

342 3655 399 3738 qui
428 3652 462 3717 L.
492 3653 545 3716 Ill
567 3673 592 3716 c.
617 3653 636 3716 9
661 3653 680 3735 ἓ
703 3655 725 3716 4
747 3655 885 3717 narrarit
907 3652 1067 3718 Socratem
1091 3654 1311 3737 respondisse:
1340 3653 1462 3736 „illum

342 3769 398 3852 qui
421 3769 500 3832 sciat
525 3767 603 3850 quid
627 3768 667 3830 sit
690 3766 882 3850 faciendum,
905 3767 960 3832 sed
982 3766 1077 3831 faciat
1096 3769 1378 3848 contrarium,non
1391 3785 1463 3831 esse

342 3883 516 3966 sapientem
541 3881 596 3946 sed
621 3880 755 3945 stultum
779 3879 1140 3965 intemperantemque”,
1159 3881 1211 3944 hic
1231 3899 1306 3945 vero
1326 3879 1464 3944 eundem

341 3996 474 4059 inducat
509 4000 717 4060 statuentem:
753 4015 877 4078 ,quam
909 3997 1047 4079 quisque
1070 3997 1156 4058 norit
1178 4013 1243 4058 rem
1268 3997 1303 4059 in
1326 4012 1363 4058 ea
1386 4013 1461 4058 eum

342 4111 517 4192 sapientem
542 4107 641 4174 esee”.

389 4219 416 4283 Ε
451 4223 553 4305 capite
587 4224 721 4306 septimo
755 4224 979 4306 cognoscimus
1014 4221 1173 4286 Socratem
1205 4222 1398 4306 geometriae
1428 4225 1460 4285 et

344 4337 558 4406 astronomiae
587 4356 653 4403 non
675 4338 739 4400 nisi
760 4338 864 4422 prima
886 4336 1042 4402 elementa
1066 4336 1216 4402 discenda
1240 4355 1310 4401 esse
1332 4339 1464 4400 conten·
