3354 5268
886 619 905 680 2

335 807 457 869 cantiae
486 803 645 867 fervorem
675 802 788 885 prodit
812 801 930 864 Primis
954 801 1171 884 philosophiae
1194 800 1371 865 Socraticae
1394 802 1456 866 ele

290 909 297 917 ’
334 920 450 982 mentis
484 917 639 998 imbutus,
670 914 788 978 milites
818 919 981 997 tamquam
1013 913 1248 996 condiscipulos
1272 914 1455 997 alloquitur,

334 1031 467 1094 consilia
496 1031 579 1112 capit
610 1028 710 1092 veluti
741 1046 758 1090 e
782 1027 908 1090 scholae
931 1027 1114 1110 praeceptis
1138 1027 1281 1110 magistri
1305 1028 1355 1089 sui
1379 1046 1456 1090 nus·

336 1162 433 1226 quam
466 1145 515 1204 est
543 1142 718 1204 immemor.
749 1137 846 1202 Haud
876 1139 994 1202 iniuria
1025 1157 1099 1220 ergo
1132 1137 1228 1220 Regis
1258 1137 1382 1222 legatus
1412 1141 1455 1202 ita

335 1275 409 1319 eum
444 1254 636 1336 alloquitur:
676 1251 919 1334 „Philosophus
950 1269 1021 1314 esse
1052 1251 1171 1314 videris
1202 1252 1455 1316 adolescentule!

337 1368 423 1452 quod
447 1367 526 1430 diois
551 1385 627 1430 sane
652 1384 717 1428 non
741 1371 790 1428 est
812 1364 1009 1448 illepidum’'.

382 1479 499 1562 ,Heus
531 1479 605 1543 tu!’'
635 1481 681 1542 ita
709 1478 963 1561 interpellantem
992 1479 1071 1541 mihi
1096 1478 1205 1542 videor
1227 1479 1338 1543 audire
1360 1479 1456 1543 lecto·

335 1613 402 1658 rem
451 1593 715 1676 „Theopompum
756 1591 986 1656 Atheniensem
1024 1591 1117 1654 nobis
1151 1611 1209 1674 pro
1244 1591 1458 1675 Xenophonte

337 1707 493 1786 venditas,
516 1709 547 1768 et
571 1705 762 1768 deteriorum
787 1704 933 1767 codicum
956 1704 1098 1768 sublesta
1120 1703 1183 1768 fide
1206 1705 1366 1788 deceptus
1386 1705 1457 1769 vul·

335 1823 442 1902 getam
465 1817 634 1881 lectionem
657 1821 776 1882 temere
803 1822 908 1880 mutas
919 1815 948 1878 !''

380 1929 513 1992 Minime
536 1929 630 1992 vero!
655 1927 729 1991 Non
752 1929 900 2011 equidem
925 1927 1036 1991 dubito
1060 1929 1136 2010 quin
1163 1928 1347 1993 melioribus
1371 1930 1456 1993 codi-

338 2042 429 2107 cibus
465 2043 506 2105 sit
540 2040 792 2125 obsequendum,
827 2040 883 2103 sed
918 2041 1001 2104 idem
1038 2020 1151 2104 censeo
1182 2046 1267 2105 recte
1297 2043 1456 2105 iudicasse

337 2155 407 2219 Chr.
441 2155 593 2219 Cronium
626 2155 781 2239 (Append.
811 2172 927 2217 causae
958 2153 1042 2217 Socr.
1067 2155 1137 2236 24):
1163 2154 1356 2239 Theopompi
1382 2173 1458 2218 sane

336 2287 452 2332 nomen
487 2263 699 2349 retinendum,
734 2248 790 2330 sed
823 2266 1070 2349 Xenophontem
1099 2267 1343 2350 intelligendum
1377 2287 1455 2332 esse.

336 2381 378 2444 Et
403 2382 476 2444 olim
503 2381 649 2464 plerique
670 2382 715 2443 ita
738 2380 829 2443 illum
854 2380 960 2443 locum
984 2381 1143 2463 accepisse
1165 2380 1324 2462 videntur,
1347 2388 1384 2445 ut
1396 2383 1457 2447 sub

336 2494 528 2578 Theopompi
558 2513 693 2576 persona
724 2495 793 2577 ipse
824 2492 1005 2576 Xenophon
1035 2492 1162 2556 lateret:
1188 2494 1300 2557 saltem
1324 2495 1456 2558 alteram

336 2609 504 2672 lectionem
527 2627 591 2670 non
615 2613 680 2670 tam
702 2626 834 2690 prorsus
858 2605 1112 2688 contemnebant,
1135 2611 1172 2669 ut
1195 2608 1224 2669 ei
1248 2607 1325 2670 nihil
1342 2607 1459 2672 tribue-

336 2725 424 2799 rent;
449 2721 505 2803 qui
528 2725 637 2782 nostro
661 2725 802 2802 tempore
826 2719 865 2781 de
888 2718 1112 2801 Xenophontis
1135 2720 1201 2781 vita
1224 2719 1378 2801 scribunt,
1403 2739 1457 2783 eos

337 2833 429 2895 video
464 2831 689 2915 Xenophontis
722 2850 839 2894 nomeu
876 2832 916 2894 ad
945 2832 1226 2914 grammaticorum
1260 2833 1459 2896 coniecturas

335 2945 484 3027 relegare.
516 2943 738 3007 Coniecturam
766 2961 837 3007 esse
858 2944 995 3007 libenter
1018 2944 1167 3026 concedo,
1193 2945 1248 3008 sed
1272 2964 1390 3028 quaeso
1415 2982 1456 2991 —

337 3058 510 3120 dummodo
538 3078 558 3120 a
579 3063 671 3121 textu
694 3058 894 3121 immutando
917 3057 1133 3122 abstineamus
1160 3095 1200 3103 -
1224 3078 1300 3121 num
1326 3078 1458 3142 prorsus

337 3169 460 3233 nullius
484 3170 576 3252 pretii
601 3171 672 3233 est?
696 3169 759 3233 Tac
782 3171 977 3254 periculum:
1002 3170 1110 3233 locum
1124 3175 1280 3236 nostrum
1301 3171 1399 3234 alicui
1418 3190 1459 3234 ex

338 3281 506 3364 discipulis
528 3283 593 3344 tuis
611 3301 761 3366 propone,
781 3283 973 3346 adolescenti
993 3301 1055 3345 non
1077 3283 1173 3346 nimis
1193 3282 1298 3346 hebeti
1317 3285 1459 3366 ettardo‚

338 3399 435 3476 atque
459 3395 493 3457 in
514 3393 729 3478 Xenophonte
747 3395 881 3478 legendo
901 3395 997 3478 paulo
1017 3397 1239 3477 exercitatiori,
1259 3415 1398 3479 eumque
1412 3399 1458 3460 sic

336 3509 513 3591 interroga:
539 3527 636 3591 quem
658 3510 764 3571 virum
789 3513 883 3593 putas
905 3509 1098 3592 Theopompi
1122 3511 1252 3573 nomine
1276 3510 1460 3593 designari?

339 3619 461 3696 Quovis
492 3622 593 3704 pretio
620 3623 819 3704 contendam,
842 3641 918 3686 eum
940 3621 1187 3705 Xenophontem
1211 3623 1460 3686 nominatorum.

336 3733 386 3800 Ne
418 3751 493 3818 ergo
527 3735 623 3798 nimis
654 3736 932 3810 amisimuset
956 3735 1129 3818 quodiam
1153 3735 1192 3799 ab
1217 3736 1358 3818 antiquis
1382 3741 1461 3799 tem-

338 3844 471 3929 poribus
491 3847 594 3909 cuivis
613 3847 719 3910 statim
740 3848 773 3912 in
795 3853 934 3911 mentem
953 3848 1071 3928 veniat,
1091 3847 1123 3910 id
1143 3850 1177 3910 in
1198 3852 1345 3911 nostrum
1366 3867 1460 3912 usum

341 3964 528 4022 convertere
550 3978 591 4023 ne
621 3960 840 4043 dedignemur,
863 3980 938 4024 cum
963 3961 1147 4044 praesertim
1171 3980 1236 4023 non
1259 3961 1460 4026 abundemus

339 4075 503 4135 certorum
528 4079 789 4156 argumentorum
812 4076 910 4157 copia.
934 4073 1063 4137 Etenim
1084 4075 1202 4137 mirum
1222 4079 1271 4140 est
1289 4074 1464 4157 Theopom-

339 4203 416 4266 pum
450 4185 558 4266 istum,
588 4187 616 4248 si
648 4206 667 4249 a
696 4185 909 4269 Xenophonte
942 4190 991 4250 est
1021 4186 1176 4266 diversus,
1208 4188 1264 4270 qui
1293 4191 1357 4250 tam
1383 4186 1465 4250 belle

338 4295 609 4380 Xenophonteum
632 4297 794 4363 Socratem
817 4301 936 4362 imitari
960 4300 1115 4381 didicerit,
1138 4299 1213 4362 alibi
1236 4319 1397 4382 nusquam
1422 4302 1457 4362 in
