3352 5260
850 641 913 704 116

327 827 540 894 Inserendum
573 832 622 892 est
649 823 731 904 παρά
760 823 940 906 orepavor:
975 830 1122 910 „quanto
1146 827 1214 890 vita
1237 826 1370 890 deorum
1393 825 1454 890 hu-

328 961 425 1006 mana
448 941 513 1005 vita
534 940 638 1025 potior
662 943 719 1023 est,
741 944 829 1004 tanto
852 940 1021 1004 hominum
1044 941 1111 1004 vita
1133 944 1312 1004 ceterorum
1332 940 1456 1003 anima-

330 1055 411 1120 lium
441 1056 526 1119 vitae
555 1057 711 1138 praestat3
744 1057 831 1117 tanto
863 1055 949 1118 enim
979 1054 1053 1137 plus
1082 1053 1177 1118 homo
1202 1053 1299 1138 pollet
1322 1070 1454 1137 corpore

332 1167 534 1252 animoque'’.
557 1165 605 1230 Eo
628 1171 734 1232 autem
758 1166 836 1249 loco,
860 1166 899 1231 de
923 1187 987 1250 quo
1011 1186 1098 1232 nunc
1117 1171 1227 1230 contra
1247 1164 1456 1231 Schenklium

333 1282 470 1366 disputo,
502 1288 607 1347 cetera
634 1280 784 1345 animalia
807 1285 940 1345 naturae
963 1279 1125 1346 beneficiis
1148 1279 1214 1344 frui
1235 1280 1396 1362 dicuntur,
1419 1284 1458 1344 ut

331 1397 410 1480 ipsis
434 1396 579 1461 homines
603 1395 668 1460 frui
689 1395 822 1480 possint.

376 1511 406 1572 4.
438 1510 457 1590 ξ
491 1510 530 1572 11
561 1509 640 1574 haec
667 1509 836 1594 leguntur:
859 1507 893 1572 τό
917 1506 948 1572 δὲ
971 1505 1020 1572 καὶ
1043 1506 1186 1585 λογισμόν
1209 1505 1283 1584 ἡμῖν
1307 1506 1456 1586 ἐμφῦσαι,

332 1613 353 1700 ᾧ
385 1618 449 1701 τερ)
479 1615 516 1683 ὦν
545 1619 742 1700 αἰσθανόμεθα
772 1619 955 1700 λογιζόμενοί
974 1643 1009 1684 τε
1030 1617 1082 1685 καὶ
1106 1617 1336 1698 μνημονεύοντες
1359 1639 1457 1682 κατα-

333 1731 520 1811 μανθάνομεν
560 1730 616 1812 ότγ
658 1730 773 1797 ἕκαστα
808 1731 952 1814 συμφέρει
986 1732 1046 1796 κτὲ.
1083 1732 1311 1798 Schneiderum
1345 1732 1459 1795 laudat

334 1845 533 1929 Schenklius,
579 1850 665 1910 recte
705 1846 939 1930 improbantem
980 1847 1183 1931 participium
1220 1841 1460 1928 μννμονεθοντες,

335 1960 452 2044 quippe
472 1960 559 2043 quod
578 1963 689 2024 uatum
711 1961 753 2024 sit
772 1960 811 2024 ad
831 1979 901 2024 eam
922 1965 1115 2025 structuram
1134 1958 1341 2042 efficiendam,
1361 1979 1458 2043 quam

334 2072 524 2149 παράλληλον
548 2069 704 2152 χιαστικόν
727 2074 873 2158 appellat,
897 2093 1060 2158 quamque
1082 2078 1228 2137 constare
1252 2073 1329 2137 dicit
1352 2091 1461 2136 ever·

333 2185 383 2250 bis
419 2183 615 2263 αἰσθανόμεθα
648 2183 828 2265 λογιζόμενον
862 2191 893 2251 et
923 2183 1150 2263 μνημονεύοντες
1182 2181 1461 2263 καταμανθάνομεν.

334 2298 490 2364 Perverse
521 2303 557 2364 ut
588 2300 707 2382 opinor.
729 2297 803 2362 Non
827 2300 912 2363 enim
936 2318 1011 2362 cum
1032 2296 1301 2376 καταμανθάνομεν
1323 2299 1461 2381 iungen-

335 2413 412 2477 dum
445 2417 493 2476 est
523 2409 760 2489 μννμονεθοντες,
792 2413 848 2477 sed
879 2413 1046 2497 participia
1076 2409 1255 2492 λογιζόμενον
1287 2415 1319 2476 et
1343 2430 1460 2488 μνημο-

336 2524 462 2598 νεθοντεο
484 2525 577 2590 ambo
596 2526 636 2590 ad
656 2526 798 2590 dativum
819 2517 840 2605 ᾧ
860 2527 1029 2610 pertinent,
1047 2527 1091 2590 ita
1109 2531 1147 2590 ut
1165 2525 1336 2590 verborum
1357 2529 1459 2588 struo-

336 2644 409 2704 tura
442 2640 519 2703 haec
554 2641 611 2704 sit:
647 2631 668 2719 ᾧ
702 2636 884 2718 λογιζόμενοί
916 2661 950 2703 τε
983 2635 1034 2702 καὶ
1069 2637 1298 2716 μνημονεύοντες
1329 2634 1393 2717 τεο)
1424 2631 1460 2699 ὧν

336 2751 532 2829 αθσόανόμεθα
561 2750 830 2830 καταμανθάνομεν
860 2751 884 2816 ό.
897 2751 920 2814 ἑ.
934 2775 960 2815 σ.
995 2750 1084 2828 Quae
1112 2754 1157 2816 ita
1187 2751 1340 2817 vertenda
1364 2756 1458 2815 sunt:

335 2869 452 2934 mentis
476 2886 535 2951 ope
558 2867 713 2948 (λογισμῷ)
737 2867 776 2931 de
797 2868 838 2931 iis
860 2865 966 2949 robae,
991 2866 1109 2950 quibus
1132 2885 1248 2930 sensus
1270 2867 1372 2930 nostri
1391 2863 1460 2928 affi-

337 2983 476 3062 ciuntur,
506 2982 550 3046 ita
580 2981 771 3060 iudicamus
799 2984 835 3043 ut
858 2985 889 3044 et
912 2980 1081 3064 praeterita
1103 2979 1307 3044 recordemur
1330 2979 1459 3055 (μνημο-

338 3092 483 3176 νεύοντες),
518 3098 551 3158 et
584 3093 622 3158 de
655 3094 774 3158 futuris
810 3095 1026 3158 coniecturam
1060 3093 1214 3158 faciamus
1250 3088 1461 3174 (λογιζόμενοι),

338 3213 434 3291 atque
464 3208 511 3270 sic
543 3225 579 3271 eo
610 3207 844 3290 perveniamus,
874 3210 910 3269 ut
941 3208 1019 3289 quid
1050 3206 1136 3289 utile,
1168 3206 1245 3290 quid
1276 3205 1391 3269 inutile
1420 3205 1462 3268 sit

338 3338 580 3404 cognoscamus.

384 3435 413 3497 5.
437 3432 540 3517 Caput
562 3433 732 3516 septimum
755 3432 830 3496 libri
854 3433 959 3516 quarti
977 3432 1047 3497 loco
1067 3438 1191 3497 motum
1212 3451 1290 3516 esse,
1309 3452 1346 3498 eo
1367 3452 1463 3516 argu·

289 3563 292 3570 ’
338 3550 446 3612 mento
477 3544 610 3629 probare
641 3563 675 3608 se
705 3543 895 3609 Schenklius
925 3549 1024 3629 putat,
1048 3545 1135 3630 quod
1156 3546 1288 3629 incipiat
1313 3566 1331 3609 a
1354 3544 1462 3609 verbis

337 3657 380 3724 ότι
411 3657 466 3737 μὲν
495 3649 543 3722 οὖν
572 3655 675 3728 άσλῶς
704 3655 758 3729 τὴν
789 3656 892 3720 ἑαυτοῦ
924 3657 1045 3736 γνάμνν
1075 3656 1258 3738 άτεφαόνετο
1281 3655 1455 3738 Σωκράτκςε

336 3774 393 3838 illa
416 3775 501 3838 enim
523 3791 684 3855 nusquam
708 3776 793 3835 recte
815 3772 899 3854 poni,
923 3773 986 3835 nisi
1009 3773 1115 3836 statim
1140 3776 1212 3854 post
1231 3775 1327 3855 caput
1347 3790 1462 3837 secun·

339 3887 426 3968 dum,
468 3885 553 3970 quod
594 3884 762 3948 claudatur
804 3882 909 3948 verbis
951 3881 1150 3947 άτλοθστατα
1192 3880 1243 3945 καὶ
1279 3880 1463 3964 σαφέστατα

339 3994 483 4075 ἕξνγεῖτο.
507 3997 686 4082 Speciosior
709 4016 806 4080 quam
830 3997 935 4060 verior
953 4015 990 4061 ea
1009 3998 1072 4060 viri
1092 3997 1260 4060 clarissimi
1280 3998 1463 4062 coniectura

340 4116 396 4176 est.
427 4110 510 4175 Nam
542 4110 647 4175 hercle
669 4129 735 4173 non
757 4109 818 4173 hoo
841 4113 889 4174 est
910 4111 1021 4192 capitis
1045 4108 1178 4174 secundi
1200 4110 1388 4193 primarium
1413 4130 1463 4174 ar-

340 4227 539 4308 gumentum,
574 4223 734 4288 Socratem
769 4223 957 4305 simpliciter
989 4229 1020 4287 et
1050 4223 1217 4306 perspicue
1250 4223 1360 4287 amicis
1394 4224 1463 4288 suis

342 4336 585 4421 demonstrasse,
616 4337 694 4421 quid
725 4354 847 4418 verum,
880 4337 958 4420 quid
987 4336 1104 4401 falsum
1129 4342 1221 4420 esset,
1246 4336 1325 4420 quid
1347 4335 1466 4401 facien-
