3330 5262
836 604 900 666 310

298 806 393 871 posse
412 807 477 851 non
497 787 692 852 infinitivum
715 787 865 872 aliquem,
884 789 941 853 sed
953 787 1190 854 substantivum
1204 787 1427 872 τὴνπολιτείαν,

298 920 467 985 quumque
497 903 645 985 proxime
675 901 844 986 praecedat
866 901 918 964 σὺν
941 907 1003 972 τοῖς
1026 899 1197 979 δυναμένοις
1221 939 1262 948 -
1287 903 1424 982 ὠφελεῖν,

296 1012 404 1078 subito
439 1033 528 1076 nunc
562 1013 595 1078 id
619 1015 736 1078 mutari
760 1015 794 1078 in
818 1012 868 1078 διόι
890 1011 1008 1086 τούτων,
1033 1015 1121 1098 quod
1138 1013 1205 1080 fere
1227 1015 1425 1086 contrarium

295 1126 477 1210 significat?
514 1125 597 1190 Nam
631 1124 684 1190 τόν
717 1149 772 1190 τινι
806 1127 930 1210 aliquid
965 1127 1049 1210 iacit,
1082 1129 1139 1211 qui
1162 1129 1283 1211 etipse
1306 1126 1425 1192 laboris

295 1241 401 1304 socius
424 1245 480 1321 est,
503 1237 552 1302 διοί
577 1260 661 1322 τινος,
686 1241 742 1326 qui
766 1244 870 1304 totum
894 1258 976 1324 opus
999 1240 1113 1304 olienis
1136 1241 1307 1304 committit
1323 1242 1425 1310 muni·

294 1353 363 1420 bus.
400 1352 510 1429 Quum
545 1372 621 1437 ergo
659 1354 742 1420 desit
771 1353 964 1436 infinitivus,
995 1353 1172 1438 nullusque
1204 1352 1353 1418 everbis
1375 1352 1425 1420 διὰ

293 1464 401 1530 τούτων
424 1485 541 1532 sensus
565 1466 639 1530 elici
662 1467 772 1550 possit,
795 1467 831 1530 in
851 1467 902 1532 his
914 1467 1007 1530 illum
1019 1467 1118 1531 latere
1130 1468 1290 1549 existimo,
1301 1486 1425 1550 proque

295 1577 344 1642 διόο
366 1576 476 1642 τούτων
499 1578 673 1662 legendum
696 1597 768 1643 esse
790 1580 938 1662 suspicor
961 1575 1153 1658 διοιχειριζειν.

339 1691 399 1773 IH,
431 1691 482 1754 56.
514 1690 698 1756 Memoretis
730 1690 925 1775 quibusdam
956 1691 1162 1756 Theramenis
1190 1691 1284 1756 dietis
1307 1693 1425 1758 iocosis

298 1805 376 1870 haec
410 1804 498 1868 addit
528 1803 728 1888 Xenophon:
764 1805 868 1885 „novi
892 1803 1021 1886 quidem
1044 1803 1228 1868 istiusmodi
1251 1805 1336 1868 dicta
1358 1823 1424 1870 nou

298 1919 407 2000 magni
431 1936 502 1981 esse
524 1918 687 1999 momenti,
708 1915 799 1980 ἐκεῖνο
822 1915 853 1980 δὲ
876 1914 956 1996 κρίνοι
979 1921 1031 1980 τοῦ
1050 1915 1150 1996 ἀνδρὸς
1170 1914 1314 1993 οίγοιστόν,
1327 1917 1423 1990 τὸτοῦ

298 2028 423 2095 όοονοίτον
447 2030 663 2108 παρεστηκότος
687 2028 766 2107 μήτε
788 2029 822 2093 τὸ
844 2031 982 2110 φρόνιμον
1003 2028 1081 2105 μήτε
1100 2029 1134 2093 τὸ
1152 2028 1328 2106 τοιιρινιιῗιδες
1347 2030 1423 2094 οὶπο-

296 2147 393 2206 λιπεῖν
426 2143 459 2205 ἐκ
490 2149 544 2215 τῆς
575 2142 714 2221 doxis?
741 2143 787 2207 At
809 2145 844 2206 in
867 2141 1131 2226 praecedentibus
1154 2143 1236 2206 nihil
1258 2148 1424 2208 narratum

297 2262 354 2338 est,
375 2275 392 2320 e
416 2275 481 2340 quo
502 2260 652 2340 appareat
670 2258 705 2320 in
724 2256 859 2320 articulo
878 2257 990 2322 mortis
1002 2255 1035 2320 τὸ
1046 2253 1185 2336 φρόνιμον
1196 2254 1424 2324 Theramenem

298 2389 361 2434 non
396 2370 582 2453 reliquisse:
615 2370 742 2434 nullum
776 2371 862 2434 enim
886 2371 956 2434 eius
979 2370 1102 2434 dictum
1127 2371 1247 2434 serium
1270 2370 1425 2436 traditum

297 2488 362 2562 est3
387 2487 419 2547 et
439 2502 516 2546 num
543 2481 625 2546 bene
649 2481 806 2548 Graecum
831 2483 873 2546 sit
895 2481 982 2546 istud
1005 2480 1163 2544 οίπολιπεῖν
1187 2481 1221 2545 ἐκ
1244 2487 1299 2555 τῆς
1318 2487 1425 2561 ψυχῆς

296 2597 503 2660 vehementer
525 2593 655 2660 dubito:
680 2614 721 2659 ne
745 2596 805 2659 hoo
830 2596 958 2679 quidem
984 2595 1063 2658 mihi
1083 2596 1194 2678 liquet,
1217 2596 1301 2660 sitne
1319 2594 1425 2659 ότολι-

296 2713 363 2772 πεῖν
387 2708 523 2772 verbum
548 2709 753 2772 transitivum
777 2728 819 2772 en
841 2709 1093 2774 intransitivum.

342 2820 447 2906 Caput
470 2822 527 2904 IV,
552 2823 581 2886 3.
605 2819 790 2898 Βονλοροένοον
812 2820 844 2884 δὲ
867 2824 924 2884 τῶν
946 2818 1101 2900 τριόκοντοο
1123 2818 1323 2900 ἀποτειχίζειν
1346 2817 1425 2893 ότοος

296 2935 544 3015 ἐκπολιορκήσειαν
579 2933 686 3006 οιιίτοὺς
719 2932 950 3005 ἀποκλείσαντες
984 2931 1041 3004 τόις
1075 2930 1200 3012 ἐφόδους
1233 2936 1290 2996 τοῖιν
1321 2934 1424 3006 ἕπιτκ-

298 3047 377 3111 δείον
400 3048 460 3110 κτὲ.
483 3047 617 3114 Moleste
640 3048 749 3112 eadem
770 3067 820 3112 res
840 3046 890 3111 bis
911 3049 1051 3130 ponitur.
1072 3045 1157 3122 Quid
1176 3048 1261 3110 enim
1275 3046 1361 3110 aliud
1376 3052 1426 3112 est

297 3158 496 3239 ἀποτειχίζειν
515 3180 612 3242 quam
632 3157 795 3222 οίποκλείειν
815 3157 871 3230 τόις
883 3156 1005 3240 §oleove
1018 3163 1074 3221 τῶν
1086 3156 1276 3231 ίπιτνδείοινῗ
1289 3157 1331 3223 Et
1344 3160 1424 3243 quid

298 3279 346 3338 est
373 3273 561 3353 ἐκπολιορκεῖν
584 3275 663 3338 nisi:
687 3273 864 3338 intercluso
888 3277 1067 3337 commeatu
1092 3272 1262 3336 deditionis
1286 3275 1424 3338 necessi-

297 3392 394 3452 tatem
429 3386 564 3450 offerre?
598 3385 781 3450 Delendum
817 3405 893 3470 ergo
928 3386 1072 3450 videtur:
1104 3383 1336 3456 όποκλείοοιντες
1367 3384 1423 3457 τοῖς

297 3497 419 3579 ἐφόδους
441 3502 498 3561 τῶν
520 3498 697 3572 ἐπιτηδείων.

343 3612 399 3678 IV.
424 3615 452 3676 8.
476 3608 608 3685 ἐξέτασίν
630 3635 664 3674 τε
687 3613 861 3685 ποιήσοντες
884 3613 913 3676 ἕν
924 3618 986 3684 τοῖς
999 3611 1130 3690 ἱππεῦσι,
1140 3609 1307 3691 φοίσκοντες
1319 3611 1425 3677 είδένοιι

299 3724 466 3804 βούλεσθον,
501 3722 582 3788 πόσοι
610 3717 663 3786 είεν
694 3722 746 3788 κοιί
778 3723 871 3798 τόσος
894 3729 1034 3804 φνλοικῆο
1057 3723 1270 3805 προςδειίσοιντο
1292 3723 1423 3790 ἒκίλενον

300 3837 526 3918 σἰπογροίΦεσόοιι
560 3835 678 3910 πόντος
712 3838 774 3901 κτὲ.
810 3837 941 3912 Iniuria,
972 3843 1010 3902 ut
1034 3839 1112 3901 mihi
1135 3839 1263 3922 quidem
1288 3840 1424 3921 videtur,

300 3953 394 4016 multi
417 3955 451 4016 in
476 3953 535 4016 hac
559 3951 599 4015 de
622 3952 896 4034 trigintuvirorum
920 3950 1074 4014 adversus
1097 3950 1280 4016 Eleusinios
1303 3951 1425 4035 perfida

300 4067 486 4130 crudelitato
520 4066 660 4146 haerent,
689 4065 774 4128 inter
796 4083 878 4147 quos
901 4063 1167 4128 Breitenbaohins
1190 4065 1287 4130 verbe
1310 4065 1339 4127 ἐν
1361 4071 1424 4138 τοῖς

300 4177 420 4242 ίπτεῖτι
453 4181 564 4262 spuria
596 4195 667 4244 esse
696 4183 813 4242 censet.
844 4176 933 4242 Haec
956 4178 1039 4240 enim
1065 4182 1196 4241 annotat
1221 4179 1270 4242 vir
1292 4178 1423 4243 doctus:

302 4292 357 4372 „si
382 4291 534 4356 vocabulo
557 4291 650 4363 ἱππεῖς
668 4290 879 4356 Athenienses
897 4291 1022 4374 equites
1043 4290 1273 4375 significantur,
1292 4289 1344 4354 τόν
1363 4298 1423 4364 τοῖς
