3348 5262
857 551 922 614 264

325 740 420 820 ditur,
444 739 476 801 in
501 737 555 801 illa
578 756 687 821 pugna
709 736 852 817 adfuisse
876 737 1093 820 septingentos
1118 736 1299 822 Spartanos,
1321 737 1451 801 illorum

324 859 432 918 autem
465 852 618 916 cecidisse
649 852 909 935 quadringentos,
940 849 1139 934 crediditque
1170 851 1325 932 omniurn,
1357 855 1452 933 quot-

325 972 404 1049 quot
444 970 543 1036 erant
576 964 804 1048 Spartanorum
840 963 1004 1027 dimidiam
1039 967 1161 1046 partem
1195 963 1281 1047 apud
1314 962 1452 1028 Leuctra

324 1081 420 1142 morti
453 1078 652 1161 occubuisse,
682 1077 715 1140 id
747 1082 811 1141 est:
839 1077 998 1160 persuasit
1022 1076 1084 1141 sibi
1107 1077 1202 1140 homo
1225 1078 1452 1161 ignarissimus

325 1212 492 1275 nunquam
519 1191 595 1275 plus
620 1211 717 1274 quam
740 1193 958 1275 septingentos
983 1190 1155 1275 Spartanos
1177 1193 1211 1254 in
1234 1191 1320 1254 vivis
1342 1190 1452 1256 fuisse.

324 1305 406 1369 Nam
432 1305 520 1388 quod
542 1304 765 1368 Bechhausius
789 1308 821 1368 ct
844 1302 996 1367 Sachsius
1020 1303 1158 1367 afferunt
1179 1302 1219 1366 ad
1245 1322 1319 1367 eum
1344 1303 1453 1367 defen-

324 1420 475 1500 dendum‚
509 1421 544 1482 in
578 1438 646 1482 rem
676 1437 741 1482 non
771 1417 875 1482 facere
907 1419 1028 1502 opinor.
1060 1416 1256 1482 Sententiam
1289 1418 1373 1482 enim
1397 1415 1453 1481 aa}

323 1533 418 1596 ωὐτων
453 1533 647 1611 Σπαρτιατῶν
681 1531 712 1594 οὐ
747 1530 864 1609 μειόνων
898 1527 1091 1594 ἀπολωλότων
1121 1531 1151 1593 ἐν
1181 1537 1218 1610 τῇ
1243 1530 1272 1593 ἕν
1296 1528 1453 1610 Λεύκτροις

324 1642 415 1724 adicit
450 1643 466 1717 ἢ
503 1642 679 1720 λειπομένων
713 1646 757 1708 ita
787 1646 1047 1729 interpretantur,
1078 1649 1116 1708 ut
1145 1644 1252 1707 dicant
1274 1641 1455 1720 λειπομένων

325 1777 396 1822 esse
418 1776 570 1841 praesens
594 1757 790 1838 historicum,
815 1761 847 1820 et
870 1758 950 1820 nihil
974 1757 1062 1820 aliud
1088 1776 1162 1841 ergo
1187 1777 1317 1822 namara
1340 1757 1455 1821 lauda·

325 1875 425 1934 torem
451 1890 547 1953 quarn
567 1870 643 1933 hoc:
665 1869 902 1956 totidemapud
920 1868 1057 1934 Leuctra
1076 1870 1260 1934 ceciderunt
1280 1875 1359 1952 quot
1370 1871 1454 1932 salvi

325 1988 504 2048 evaserunt.
527 1983 669 2067 Frustra,
692 1988 729 2047 ut
751 1984 830 2046 mihi
854 1983 989 2048 videtur.
1011 1983 1037 2046 Ε
1058 1983 1326 2047 verborumenim
1340 1984 1454 2047 ordine

327 2102 465 2181 apparet,
498 2098 684 2179 scriptorem
707 2096 741 2159 id
764 2096 905 2160 voluisse
929 2096 1016 2179 quod
1040 2115 1138 2180 supra
1162 2095 1316 2179 dicebam,
1340 2115 1454 2180 quem-

325 2212 496 2276 admodum
521 2212 698 2275 rectissime
721 2212 786 2274 iam
808 2209 964 2294 Hagenus
988 2211 1121 2273 monuit.

369 2326 410 2409 Π,
435 2328 485 2389 24.
513 2323 732 2409 „Agesilaus”
755 2324 902 2388 laudator
925 2325 970 2387 ait
996 2323 1136 2404 „urbem
1156 2326 1266 2386 contra
1285 2321 1454 2386 Thebanos

325 2440 475 2522 defendit,
507 2458 705 2523 quamquam
728 2439 853 2501 munita
875 2457 941 2500 non
965 2442 1041 2518 erat,
1065 2441 1096 2500 et
1120 2436 1176 2500 ubi
1200 2435 1453 2519 exspectandum

325 2561 392 2618 erat
415 2555 522 2617 hostes
546 2554 726 2636 superiores
749 2552 824 2634 fore,
848 2570 885 2616 eo
909 2554 1016 2635 copias
1041 2571 1116 2615 suas
1136 2570 1201 2614 non
1218 2549 1453 2632 educebat,ubi

242 2745 245 2760 ¹
324 2687 397 2751 spes
426 2672 493 2731 erat
516 2666 690 2750 Spartanos
714 2685 784 2730 esse
807 2667 949 2729 victuros
972 2665 1018 2728 ihi
1042 2665 1193 2728 audacter
1216 2664 1315 2728 aciem
1340 2663 1454 2727 adver-

325 2801 381 2845 sus
416 2780 581 2845 Thebanos
615 2779 822 2844 instruebat'’.
862 2779 919 2843 Bis
952 2778 1092 2843 Thebani
1126 2781 1159 2841 in
1192 2777 1453 2861 Peloponnesum

324 2897 520 2958 invaserunt.
546 2891 594 2957 De
614 2893 719 2972 priore
742 2893 909 2956 invasione
932 2911 1063 2955 narrare
1081 2896 1227 2954 nostrum
1248 2909 1289 2954 ex
1307 2891 1347 2954 iis
1368 2910 1455 2973 quae

323 3007 520 3092 praecedunt
550 3007 674 3090 liquido
706 3011 843 3089 apparet.
874 3005 987 3069 Statim
1019 3005 1104 3068 enim
1134 3010 1206 3088 post
1236 3005 1453 3068 narrationem

325 3121 364 3184 de
395 3141 506 3204 pugna
537 3119 705 3183 Leuctrica
736 3120 925 3182 sententiam
957 3137 1054 3201 supra
1078 3119 1205 3181 citatam
1228 3119 1337 3201 ponit3
1362 3117 1452 3180 illam

324 3239 431 3298 autem
456 3235 615 3317 expressit
638 3252 679 3296 ex
703 3231 786 3296 Hell.
810 3230 884 3312 VII,
905 3232 933 3312 5,
955 3231 1005 3312 11,
1028 3230 1087 3293 ubi
1106 3230 1144 3295 de
1163 3229 1266 3293 ultera
1284 3231 1455 3294 invasione

324 3348 447 3430 agitur;
473 3352 503 3410 et
530 3346 689 3429 quomodo
714 3352 783 3409 eam
807 3345 1001 3429 expresserit
1025 3363 1102 3407 mox
1125 3345 1305 3407 accuratius
1329 3343 1455 3407 videbi-

326 3481 408 3525 mus.
439 3461 553 3544 Neque
585 3459 690 3523 solum
722 3460 802 3523 duas
832 3458 1056 3522 Thebanorum
1088 3459 1271 3522 invasiones
1301 3459 1386 3522 inter
1416 3478 1453 3523 se

324 3574 502 3655 confundit,
533 3574 589 3638 scd
621 3575 715 3637 etiam
741 3574 780 3637 de
803 3575 908 3656 priore
931 3574 1098 3636 invasione
1122 3574 1166 3635 ita
1190 3572 1335 3655 loquitur
1359 3575 1456 3655 quasi

324 3692 393 3751 tum
425 3685 523 3766 pluro
558 3687 623 3750 sint
657 3687 828 3750 commissa
861 3685 997 3769 proelia:
1034 3687 1183 3748 novimus
1214 3691 1321 3749 tamen
1353 3687 1456 3750 semel
1542 3677 1545 3682 ’

324 3805 449 3864 tantum
479 3799 652 3883 Spartanos
677 3805 746 3863 tum
770 3818 844 3863 curn
868 3801 957 3863 hoste
980 3819 1096 3863 manus
1120 3800 1331 3880 conseruisse,
1352 3799 1455 3882 idque

325 3913 405 3977 duce
428 3912 575 3977 Ischolao
598 3912 723 3976 ahsente
745 3911 903 3996 Agesilao.

368 4027 428 4108 ΙΙΙ,
459 4029 488 4089 4.
521 4025 601 4107 Otys
633 4029 667 4089 in
698 4026 875 4090 Hellenicis
907 4026 975 4108 (lv,
1008 4026 1037 4108 1,
1068 4028 1098 4107 3)
1131 4027 1248 4089 dicitur
1269 4025 1352 4089 facto
1376 4045 1455 4092 oum

325 4140 475 4223 Agesilao
510 4139 637 4203 foedere
671 4139 756 4223 apud
790 4138 883 4201 illum
917 4138 1079 4220 reliquisse
1111 4138 1198 4202 mille
1229 4140 1354 4221 equites
1386 4139 1454 4205 duo

326 4252 425 4315 millia
448 4253 664 4336 peltastarum.
688 4251 759 4316 Nisi
784 4271 801 4316 e
825 4250 921 4315 verbo
949 4250 1167 4334 „reliquisse”
1187 4253 1265 4315 satis
1285 4259 1456 4336 appareret
