3352 5260
780 611 841 674 141

253 798 425 864 reiiciendu
459 803 490 862 et
524 796 735 862 abiudicendo
769 816 815 880 eu,
848 816 930 882 quoe
961 798 1024 883 ipsi
1053 799 1195 863 taedium
1217 803 1375 875 moveant,

255 931 402 996 quaeque
426 910 565 975 absurde
587 916 618 975 et
638 911 805 995 pueriliter
827 910 911 974 diota
930 930 1000 976 esse
1020 913 1233 976 ot'sentietet
1246 912 1376 976 demon-

255 1031 356 1090 strare
378 1026 489 1110 possit.

303 1553 415 1619 Statim
453 1555 522 1619 eius
556 1554 612 1636 rei,
647 1574 744 1638 quam
779 1554 874 1617 modo
909 1552 1170 1618 commendabam
1200 1552 1379 1636 periculum

257 1667 361 1733 facere
392 1667 515 1733 licebit:
547 1667 745 1752 praeclarum
777 1669 862 1731 enim
892 1668 986 1732 illum
1017 1667 1137 1750 locum,
1162 1686 1259 1751 quem
1284 1686 1382 1750 supro

258 1781 355 1844 tentis
378 1780 528 1845 laudibus
552 1779 751 1861 extollebam,
771 1781 835 1844 duo
856 1782 1021 1865 excipiunt
1041 1781 1143 1864 capitu
1163 1779 1255 1862 (VIII
1267 1785 1299 1844 et
1310 1778 1383 1861 IX),

258 1899 306 1957 tet
327 1899 552 1977 tantarumque
574 1894 669 1977 plena
690 1895 893 1978 ineptiarum,
913 1900 949 1958 ut
967 1893 1037 1958 fieri
1056 1912 1122 1957 non
1142 1912 1236 1977 posse
1248 1892 1384 1969 credam,

261 2009 340 2091 quin
371 2009 408 2090 is,
442 2009 499 2091 qui
526 2007 702 2071 electione
724 2008 981 2091 praecedentium
1005 2026 1117 2072 reeens
1141 2008 1191 2088 sit,
1214 2006 1385 2070 vehemen-

259 2126 309 2184 ter
340 2123 484 2204 miretur,
511 2126 576 2185 tem
602 2122 727 2186 diversa
749 2120 788 2185 ab
812 2120 923 2185 eodem
946 2121 1101 2203 scriptore
1123 2121 1298 2204 compositu
1322 2119 1387 2184 edi-

260 2240 357 2319 taque
386 2254 465 2317 esse,
498 2241 530 2299 et
563 2235 651 2299 nullo
681 2235 849 2298 intervallo
880 2239 953 2318 post
983 2235 1109 2319 egregia
1132 2235 1224 2318 sequi
1247 2235 1386 2318 pessima

261 2349 564 2433 absurdissimaque.
588 2348 650 2414 Sed
674 2353 811 2432 praestet
834 2349 962 2432 singule
984 2349 1144 2412 indicare:

307 2461 339 2524 (l.
368 2461 459 2545 VIII,
492 2463 586 2526 1-3.
617 2461 767 2526 Absurde
791 2462 971 2545 miseroque
994 2480 1140 2526 sermone
1164 2461 1240 2525 haec
1268 2461 1386 2545 scripte

263 2595 333 2640 esse
361 2577 420 2639 vix
452 2595 533 2660 opus
564 2581 612 2640 est
642 2576 875 2640 demonstrare:
900 2576 987 2640 haud
1012 2575 1152 2640 multum
1176 2577 1261 2640 enim
1288 2574 1387 2655 abest,

264 2691 342 2772 quin
365 2689 454 2753 nullo
478 2689 580 2766 modo,
604 2708 687 2773 quae
710 2689 762 2752 bic
784 2689 945 2773 leguntur,
968 2689 1105 2773 intelligi
1123 2689 1256 2773 possint.
1278 2687 1387 2751 Velim

264 2802 342 2864 mihi
366 2802 450 2867 dicut
473 2803 599 2886 uliquis,
621 2803 699 2886 quid
723 2802 850 2866 tandem
874 2802 1033 2886 significet
1056 2801 1080 2865 οἱ
1103 2799 1323 2882 Φυλπππόμενοι
1342 2800 1386 2877 μή

264 2936 305 2993 πη
339 2912 352 2977 ὃ
386 2911 473 2992 λόγος
506 2915 706 2996 ἕππλλπχθῇε
742 2934 816 2979 nam
850 2917 919 2999 ipse
949 2917 1084 2999 scriptor
1115 2915 1184 2997 hoo,
1207 2920 1244 2979 ut
1266 2915 1387 2998 opinor,

264 3029 424 3093 neminem
444 3028 587 3110 docebit3
609 3029 664 3093 ille
684 3031 770 3094 enim
791 3030 921 3113 opponit
939 3030 1069 3093 haecce:
1092 3029 1130 3099 ὡς
1145 3025 1182 3091 ἂν
1194 3025 1388 3103 πεπεισμένος

264 3137 401 3216 μάλιστα
424 3138 561 3220 πράττειν
582 3139 623 3203 τὰ
646 3139 757 3214 δέονται,
780 3143 814 3205 in
838 3142 958 3226 quibus
978 3146 1009 3207 et
1029 3141 1164 3206 verbum
1185 3137 1331 3223 πράττειν,
1351 3159 1389 3204 eo

263 3253 344 3336 loco,
366 3254 421 3318 ubi
443 3254 480 3318 de
502 3254 818 3320 disserendiratione
841 3256 954 3338 opiter,
975 3274 1167 3340 magnopere
1188 3255 1342 3340 displicet,
1359 3259 1390 3320 et

265 3367 403 3451 elliptioa
426 3372 588 3432 structura
610 3368 648 3439 ὡς
666 3364 703 3430 ἂν
723 3365 925 3444 πεπεισμένος,
948 3387 1030 3452 quae
1050 3369 1135 3453 apud
1155 3369 1279 3433 Atticos
1291 3370 1390 3454 scrip-

266 3486 351 3545 tores
383 3483 547 3546 rarissima
582 3487 637 3564 est,
674 3484 760 3567 apud
789 3481 978 3565 Lucianum,
998 3482 1217 3565 Plutarchum,
1241 3483 1385 3566 aliosque

199 3582 201 3586 ¹
264 3595 430 3659 Atticistus
453 3595 712 3679 frequentissime
726 3593 757 3678 ¹).
776 3594 953 3680 Displioere
972 3595 1114 3660 dicebam
1135 3595 1270 3660 verbum
1290 3592 1384 3674 πράτ-

264 3730 337 3770 reru:
363 3709 441 3792 quid
465 3728 538 3773 vero
562 3710 617 3773 illo
640 3711 770 3774 homine
791 3710 897 3792 facies,
922 3710 978 3793 qui
1002 3708 1140 3774 scribere
1166 3727 1232 3772 non
1258 3707 1388 3773 erubes-

266 3826 332 3885 cat:
356 3820 531 3902 ἁπεκρίνατο
554 3817 625 3903 ᾗπερ
647 3819 699 3886 καὶ
723 3827 852 3886 ποιεῖν
875 3819 1043 3902 reprimeret!

299 4067 327 4132 l)
352 4067 388 4118 ne
410 4082 441 4117 ea
461 4071 592 4118 structura
614 4067 666 4117 diri
688 4067 823 4131 quaedam,
846 4066 982 4131 tironibus,
1001 4071 1032 4117 ut
1047 4066 1145 4131 opinor,
1163 4081 1216 4116 non
1233 4066 1337 4117 inutilia
1354 4067 1382 4116 iu

267 4155 366 4209 Studiis
389 4157 490 4208 Criticis
513 4157 546 4207 ad
570 4158 715 4208 Lucianum
741 4157 780 4221 (L.
806 4157 835 4207 Β,
860 4157 928 4221 apud
953 4157 978 4208 S.
1003 4157 1030 4208 G.
1056 4171 1106 4206 vau
1123 4156 1281 4223 Doesburgh,
1307 4153 1383 4219 1877)

267 4263 292 4315 p.
318 4249 352 4299 22
378 4265 420 4314 sq.
443 4249 522 4300 Recte
544 4247 575 4314 11,
595 4247 619 4314 6,
640 4247 674 4299 38
692 4261 737 4314 pro
755 4249 785 4306 ὡς
801 4247 829 4297 ἂν
848 4253 1001 4311 στρατηγικῷ
1021 4247 1154 4300 Weiskius
1171 4249 1281 4300 coniecit
1297 4248 1327 4307 ὡς
1343 4246 1394 4298 ’ὄντι

268 4347 435 4406 στρατηγικῷ.
