3352 5260
698 624 759 697 131

159 827 304 888 extremo
335 820 643 886 Commentariorum
676 820 777 903 capite
800 817 893 883 Halia
919 819 1004 882 1873
1028 839 1057 903 p.
1081 818 1135 899 49)
1149 818 1216 900 §um
1245 817 1287 881 14

160 933 376 1018 Xenophonte
405 934 571 1018 indignam
597 937 721 997 censet:
747 933 834 1016 quod
856 932 896 995 ad
920 930 1017 995 verba
1043 948 1287 1014 sermonemque

162 1051 277 1113 attinet
298 1053 393 1129 recte,
417 1048 473 1112 sed
497 1048 525 1110 si
549 1047 739 1112 sententiam
763 1051 886 1130 spectas
905 1064 1064 1128 perverse,
1084 1045 1289 1129 quemadmo-

163 1163 242 1226 dum
264 1163 382 1245 optime
406 1161 588 1224 observavit
611 1159 802 1224 Schenhlius
825 1179 855 1242 p.
880 1160 930 1222 33.
954 1158 1036 1223 Nam
1061 1159 1148 1241 quod
1171 1158 1290 1222 dieitur

162 1275 204 1338 ad
227 1272 401 1357 explendas
429 1270 512 1354 ,aaa
535 1269 728 1352 vaccariciae
752 1268 911 1349 aaronem
936 1271 1107 1335 utihssima
1129 1289 1216 1335 esse:
1242 1263 1288 1335 οἷα

164 1387 209 1466 μὴ
233 1383 310 1451 aratur
334 1387 390 1464 μὲν
413 1384 547 1463 δεομένου
570 1390 621 1451 τοῦ
646 1385 785 1463 σώματος
809 1386 860 1450 οὐκ
882 1382 919 1448 ἂν
941 1381 1127 1465 νιοοοδέξαινο
1149 1384 1166 1456 ἦ
1186 1384 1288 1464 ψυχή,

164 1498 300 1578 δεομένου
322 1497 353 1564 δὲ
376 1500 426 1564 οὐκ
448 1497 485 1564 δον
508 1497 680 1579 πράγματα
703 1497 840 1579 παρέχοι
864 1505 896 1564 et
915 1502 1120 1584 perspiouum
1140 1504 1189 1564 est
1207 1500 1290 1581 (sen-

165 1618 266 1682 tentia
288 1618 374 1680 enim
398 1621 462 1680 est:
486 1615 697 1680 formosarum
723 1615 895 1680 mulierum
920 1634 1044 1679 amores
1064 1614 1186 1678 vitandi
1205 1617 1293 1696 sunt,

136 1786 137 1790 ,
166 1730 234 1811 sed,
263 1730 291 1793 si
323 1731 396 1812 quis
423 1735 557 1794 naturae
579 1729 670 1793 nullo
694 1728 788 1809 modo
812 1731 960 1794 resistere
982 1729 1091 1813 possit,
1116 1728 1156 1792 ad
1180 1747 1233 1792 aas
1257 1746 1292 1792 se

166 1841 317 1924 conferat,
352 1861 434 1927 quae
468 1843 546 1906 adeo
580 1842 700 1927 negligi
730 1842 841 1924 solent,
872 1847 909 1906 ut
938 1844 1025 1907 viros
1056 1847 1165 1925 petant
1190 1842 1292 1925 magis

169 1975 267 2040 quam
290 1954 330 2019 ab
352 1957 393 2019 iis
416 1957 577 2039 petantur)
602 1960 634 2019 et
656 1974 730 2019 vere
752 1955 1034 2038 Xenophonteum.
1055 1954 1290 2020 Conferendum

167 2071 256 2134 enim
279 2074 336 2150 est,
361 2068 448 2152 quod
470 2068 504 2131 in
530 2067 684 2132 Convivio
707 2074 815 2132 narrat
833 2069 1042 2133 Antisthenes
1063 2068 1094 2150 (ἐ
1116 2069 1157 2132 38
1180 2069 1292 2152 capitis

168 2181 248 2266 IV):
273 2179 306 2254 ἢν
330 2178 361 2244 δέ
383 2203 455 2246 ποτε
477 2179 527 2244 καὶ
549 2178 757 2261 ἀφροδισιάσαι
779 2181 812 2245 τὸ
834 2178 923 2258 σῶμα
947 2204 1003 2258 μον
1028 2180 1123 2261 δεηθῇ,
1148 2176 1220 2245 οὕτω
1245 2203 1295 2258 μοι

168 2293 204 2358 ‘rb
235 2294 323 2374 παρὸν
354 2293 439 2374 ripaei
459 2290 533 2357 ὥστε
555 2287 602 2366 αἷς
625 2291 661 2359 ἂν
685 2293 825 2385 apostata
848 2292 1108 2376 ὑπερασπάζοντοοί
1128 2318 1168 2372 με
1190 2293 1239 2359 διδι
1260 2294 1294 2358 τὸ

172 2406 288 2485 μηδένα
309 2406 401 2472 ἄλλον
425 2409 534 2480 αὐταῖς
558 2407 662 2472 ἐθέλειν
685 2407 824 2490 προςιέναι
837 2408 882 2494 ¹).

220 2521 323 2607 Caput
345 2524 475 2599 tertium
493 2523 642 2602 laudavi;
664 2526 776 2605 quarto
789 2523 890 2606 eapite
901 2523 981 2586 nihil
993 2542 1137 2606 unquam
1150 2524 1292 2608 ineptius

174 2636 257 2717 vidi3
292 2655 358 2700 non
393 2636 480 2721 quod
511 2640 576 2700 tam
602 2637 767 2721 disphtreat
789 2636 963 2720 disputatio
986 2654 1059 2700 oum
1083 2636 1295 2719 Aristodemo,

174 2767 258 2833 quae
290 2749 356 2814 fere
390 2755 494 2813 totum
523 2750 635 2835 implet
664 2787 707 2797 —
729 2749 818 2813 illam
842 2751 927 2814 enim
951 2769 1017 2814 non
1039 2749 1162 2834 negabo
1186 2749 1295 2814 Xeno·

174 2863 325 2948 phontem
350 2862 487 2928 seribere
509 2865 667 2948 potuisse:
689 2863 775 2948 quod
796 2865 824 2928 si
841 2864 988 2946 facerem,
1000 2869 1107 2927 tamen
1119 2865 1177 2926 vix
1188 2883 1292 2927 unum

175 2983 403 3061 argumentum
426 2977 537 3042 afferre
561 2996 696 3061 possem,
720 2995 785 3061 quo
808 2978 1000 3041 sententiam
1022 2995 1127 3040 meam
1149 2976 1297 3040 defende·

176 3111 244 3156 rem
268 3129 310 3137 —
334 3092 389 3156 sed
413 3092 499 3175 quod
523 3109 560 3156 aa
584 3091 756 3176 disputatio
781 3091 841 3155 hoo
863 3091 933 3154 looo
955 3091 1108 3155 inseritur
1126 3095 1158 3154 et
1176 3090 1216 3153 ad
1229 3108 1297 3154 eam

176 3223 244 3270 rem
267 3204 472 3288 probandam,
496 3224 578 3289 quae
600 3206 692 3269 initio
713 3206 825 3288 eapitis
844 3205 1012 3268 indicatur.
1024 3203 1201 3288 Postquam
1213 3204 1300 3267 enim

178 3319 281 3402 eapite
307 3320 399 3382 tertio
423 3319 634 3402 eognovimus
656 3317 819 3382 Socratem
841 3320 961 3382 amieos
986 3337 1062 3383 suos
1086 3319 1301 3401 admonuisse,

179 3435 216 3494 ut
240 3430 279 3495 ab
308 3430 457 3495 omnihus
480 3431 577 3495 rebus
599 3430 805 3512 abstinerent,
829 3450 911 3515 quae
933 3433 1161 3515 exquisitiores
1185 3436 1300 3513 essent,

179 3543 405 3628 hominemque
428 3562 465 3609 eo
484 3543 687 3626 adducerent,
698 3550 737 3608 ut
756 3545 857 3628 magis
869 3564 965 3628 quam
979 3549 1112 3608 naturae
1123 3545 1297 3609 nenessitas

179 3658 355 3742 postularet
376 3649 593 3741 voluptatibus
616 3659 794 3740 inserviret,
816 3659 852 3721 in
875 3676 977 3742 eaque
996 3657 1210 3722 admonitione
1229 3675 1295 3720 non

181 3771 285 3834 solum
316 3769 422 3834 verbis
449 3790 547 3834 usum
570 3770 841 3853 essentialium
862 3769 998 3850 attempt>
1020 3791 1077 3834 sao
1101 3771 1186 3833 viam
1209 3787 1299 3832 mon-

181 3889 309 3966 strasse,
334 3885 441 3967 quarti
462 3885 574 3967 eapitis
597 3885 733 3968 soriptor
754 3883 806 3947 rel
825 3883 1032 3967 interpolator
1051 3902 1085 3948 se
1103 3883 1300 3948 demonstra·

181 4003 291 4062 turum
322 4015 391 4061 esse
421 3997 569 4079 declarat,
590 3996 752 4062 Socratem
775 4017 840 4061 non
864 3997 969 4061 solum
992 3997 1033 4060 ad
1051 3999 1203 4062 virtutem
1228 4019 1295 4077 νιρο-

180 4108 344 4190 τρέψασθαι
375 4110 430 4174 sed
461 4111 557 4174 etiam
586 4115 779 4190 προαγαγεῖν,
804 4111 837 4174 id
860 4114 908 4174 est
931 4129 997 4174 non
1021 4112 1125 4174 solum
1148 4113 1302 4176 virtutem

184 4259 330 4274 ψ

217 4352 244 4421 l)
264 4354 302 4406 Cf.
317 4354 397 4405 etiam
414 4351 489 4420 11,1,
506 4352 523 4404 5
541 4352 611 4405 ὄντων
629 4355 654 4406 δὲ
672 4360 767 4406 aonam
784 4360 831 4404 τῶν
849 4354 1017 4405 anonumum
1033 4360 1060 4406 et
1076 4356 1109 4422 ll,
1126 4355 1151 4422 2,
1167 4355 1193 4408 4.
