3330 5262
745 601 808 662 359

213 787 451 870 hypotheticam
481 805 591 870 regere
621 791 734 870 potest.
767 784 858 862 Quae
881 789 968 851 enim
993 788 1096 870 ipsius
1119 786 1335 870 AgesipolidIs

212 897 310 965 verba
333 899 433 964 sunt?
456 898 553 982 Haec,
578 903 613 962 ut
637 901 766 982 opinor:
791 898 815 961 εῖ
837 897 892 975 μὲν
916 896 1075 974 μέλλοντός
1095 921 1152 973 μου
1171 896 1337 976 ἐμβάλλειν

212 1011 321 1078 ἔσεισεν
352 1011 365 1075 ό
396 1010 464 1085 όεός,
495 1010 613 1076 κωλόειν
637 1011 725 1076 αὑτὸν
748 1009 881 1089 ἡγούμην
902 1011 947 1085 όιν,
972 1010 1036 1075 ἐπεὶ
1060 1011 1087 1075 δ’
1111 1009 1336 1089 ἐμβεβληκότος

213 1123 384 1190 ἐπικελεύειν
418 1123 533 1204 νομίζω,
570 1145 671 1209 eaque
706 1127 751 1190 sic
783 1125 916 1190 demum
948 1128 983 1189 in
1015 1127 1158 1190 oratione
1180 1125 1337 1190 indirecta

214 1242 375 1306 enuntiari
397 1246 551 1324 possunt:
576 1235 676 1317 ἔλεγεν
701 1236 742 1302 ότι
766 1238 790 1301 εἱ
814 1238 868 1315 μὲν
892 1237 1051 1316 μέλλοντος
1070 1236 1337 1316 κότοῡὲμβόλλειν

213 1351 319 1417 ἔσεισεν
352 1350 365 1416 ό
399 1351 468 1426 όεός,
503 1350 621 1416 κωλύειν
651 1350 687 1415 dau
717 1352 806 1416 αὐτὸν
837 1351 947 1429 ἡγεῖτο,
972 1350 1036 1415 ε’πεὶ
1060 1351 1086 1416 δ’
1111 1350 1337 1429 ἐμβεβληκότος
1387 1412 1390 1418 .

212 1464 385 1531 ἐπικελεύειν
420 1464 509 1542 νομί
514 1463 534 1545 ζ
541 1489 611 1538 ειν,
646 1470 742 1550 atque
776 1468 821 1531 ita
854 1468 939 1551 quin.
966 1466 1148 1551 Xenophon
1173 1469 1337 1552 scripserit

214 1601 281 1646 non
304 1581 426 1645 dubito.

260 1693 362 1778 Caput
384 1693 475 1777 VIII,
500 1695 527 1757 1.
560 1689 756 1774 Φοιρνοόβοοζος
778 1691 830 1784 xci
854 1691 958 1766 Κόνων,
982 1692 1181 1774 περιπλέοντες
1205 1691 1257 1757 acl
1282 1691 1337 1765 τοὶς

216 1811 317 1883 νήσους
347 1807 399 1873 cai
430 1809 498 1889 πρὸς
528 1807 584 1881 τόις
614 1808 855 1881 ἐπιθαλαττιδίας
885 1807 983 1880 πόλεις
1006 1808 1073 1880 τούς
1096 1832 1130 1871 τε
1153 1807 1338 1880 Λοικωνικοὺς

214 1921 366 2004 όιρμοστνῖς
400 1919 556 1998 ἐξήλαυνον
590 1922 651 1986 κτὲ.
684 1922 764 1999 Quis
794 1926 897 2007 possit
927 1923 1056 1988 credere
1086 1923 1335 2008 Xenophontem

215 2040 381 2122 scripsisse
404 2035 603 2117 περιπλέοντες
626 2035 682 2106 τόις
705 2035 806 2110 νόσους
830 2035 882 2100 nai
906 2037 998 2116 πρός
1020 2037 1076 2110 τοὶς
1095 2035 1218 2108 πόλειςῗ2
1240 2036 1339 2113 Quasi

214 2171 290 2216 vero
322 2171 340 2216 e
369 2153 518 2235 proxime
547 2151 748 2234 praecedenti
779 2153 956 2235 composito
979 2155 1125 2223 περιπλεῖν
1149 2151 1339 2234 cogitatione

215 2266 256 2330 ad
290 2265 358 2346 πρὸς
387 2262 445 2336 σόος
475 2263 573 2336 πόλεις
605 2265 745 2348 simplex
773 2269 859 2327 πλεῖν
891 2264 1032 2348 suppleri
1062 2265 1180 2346 possit!
1205 2261 1335 2328 Certum

215 2384 263 2443 ost
298 2384 354 2442 aut
383 2382 455 2461 post
485 2374 538 2440 κκί
566 2376 696 2461 aliquod
725 2377 931 2460 participium
957 2378 994 2458 (e.
1016 2397 1062 2460 gr.
1087 2373 1336 2457 προσβάλλοντες)
1413 2403 1417 2410 ’

218 2491 384 2574 excidisse,
407 2497 463 2555 aut
485 2491 752 2575 praepositionem
778 2493 846 2569 πρός
869 2488 908 2553 ab
931 2489 1039 2573 aliquo
1063 2488 1243 2573 magistello
1268 2507 1338 2552 esse

215 2607 381 2688 insertam,
399 2606 456 2689 qui
468 2603 529 2668 sibi
541 2611 656 2668 acutus
669 2604 834 2668 videretur
846 2602 1044 2667 observando
1057 2599 1182 2666 insutos
1193 2602 1336 2686 aliquem

216 2723 365 2798 περιπλεῖν
399 2737 502 2803 pesse,
536 2717 628 2782 urbes
663 2719 744 2781 mari
776 2719 955 2782 adiacentes
986 2736 1050 2781 non
1081 2735 1184 2800 posse.
1214 2715 1339 2780 Ilefellit

216 2839 326 2896 tamen
348 2834 513 2897 hominem
541 2832 699 2896 doctrina:
723 2837 872 2911 περιπλεῖν
896 2833 981 2895 enim
1003 2834 1052 2895 est
1071 2831 1134 2894 huc
1153 2830 1231 2894 illuc
1248 2829 1338 2892 navi·

216 2965 300 3030 gare,
336 2947 470 3029 eiusque
504 2944 593 3020 verbi
624 2944 786 3010 obiectum
817 2963 887 3008 esse
916 2940 1053 3028 possunt
1077 2963 1189 3008 omnes
1213 2943 1276 3006 loci
1299 2942 1337 3005 ad

219 3078 299 3142 quos
323 3057 336 3120 ό
360 3055 519 3138 περιπλέων
542 3057 680 3142 appelIIt.

260 3171 350 3251 VIII,
383 3173 410 3233 2.
442 3170 561 3235 Eiectis
592 3171 822 3255 Spartanorum
853 3172 1026 3234 harmostis
1052 3169 1162 3234 Conon
1187 3174 1219 3234 et
1240 3169 1340 3233 Phar-

216 3282 359 3348 nabazus
394 3283 589 3347 Graecarum
614 3283 746 3348 urbium
773 3284 888 3348 incolis
913 3285 1061 3347 animum
1089 3284 1212 3348 addunt
1235 3284 1341 3349 dicen-

217 3405 265 3463 tes
286 3418 320 3463 sc
339 3398 402 3462 illis
422 3397 601 3462 libertatem
624 3399 764 3463 reddere.
786 3396 904 3473 Quare
917 3399 1026 3462 audita
1041 3397 1136 3462 nrbes
1148 3398 1340 3483 gaudebant,

217 3511 463 3576 Pharnabazum
488 3510 670 3594 laudabant,
695 3511 778 3575 dona
803 3513 832 3576 ei
858 3510 1033 3576 mittebant.
1058 3508 1109 3574 κοιῖ
1133 3508 1190 3588 aaa
1214 3509 1227 3572 ό
1247 3509 1340 3574 Κόνων

217 3625 265 3702 τόν
297 3621 492 3704 Φοιρνόβοιζον
523 3621 677 3687 ἔδόδοοσκεν
700 3624 738 3693 ὥς
761 3620 832 3687 οὕτω
857 3620 911 3701 μὲν
934 3628 1059 3687 ποιοῦντι
1083 3625 1177 3686 πόνοισι
1201 3622 1282 3701 αὐτῷ·
1308 3622 1340 3686 ai

217 3736 313 3809 πόλεις
337 3736 435 3817 Φίλωνι
459 3734 575 3809 ἔσοιντο,
600 3735 623 3798 εἰ
646 3735 676 3799 δὲ
700 3735 868 3800 δονλοῦσόοοι
893 3734 1070 3813 βουλόμενος
1093 3734 1215 3817 Φοινερός
1239 3732 1341 3808 ἔσοιτο,

218 3851 274 3929 μόοι
309 3848 419 3923 ἑκόστνρ
448 3849 548 3913 πολλοὶ
578 3848 748 3930 προόνμοοτκ
781 3849 864 3921 inani
895 3846 937 3922 εἴν
969 3846 1109 3929 ποιρέχειν
1140 3847 1191 3912 καὶ
1215 3848 1342 3921 κίνδυνος

218 3962 258 4038 εἴν
283 3963 327 4042 μὴ
352 3963 403 4027 nai
428 3964 452 4027 oi
475 3959 631 4038 Ἕλληνες,
655 3963 678 4026 εἰ
701 3965 800 4026 τοῦτον
823 3960 972 4034 οοῖσόοιντο,
997 3968 1145 4026 σνστοιῖεν.
1171 3962 1251 4039 Quis
1263 3963 1342 4027 ferat

218 4080 315 4143 huius
348 4080 524 4142 sententiae
556 4077 745 4161 elegantiam
778 4076 982 4159 pessumdari
1010 4077 1196 4158 importuno
1220 4075 1340 4139 addIta-

219 4199 326 4256 mento
349 4189 448 4269 ἔλενεν
472 4193 518 4270 ὡς,
545 4191 633 4275 quod
656 4197 729 4255 ante
752 4189 809 4267 μίν
833 4186 943 4261 ἑκόστν
968 4190 1002 4253 in
1022 4189 1174 4253 omnibus
1195 4190 1341 4254 editioni-

219 4304 281 4371 bus
304 4305 444 4390 legitur?
