3354 5268
879 643 921 726 st

328 853 403 918 dare
439 853 540 936 possit
574 851 774 914 documenta.
810 847 895 933 llrgo
930 849 958 912 si
994 866 1069 911 oum
1102 847 1212 931 aliqua
1246 848 1315 910 veri
1350 847 1454 932 specie

332 965 500 1031 defendere
531 983 668 1049 possem,
697 962 947 1046 Xenophontem
977 965 1048 1044 post
1079 962 1221 1044 primum
1253 961 1328 1024 libri
1352 963 1457 1045 quinti

333 1084 429 1163 caput
452 1076 644 1158 substitisse,
666 1076 791 1158 reliqua
814 1075 938 1158 aliquot
961 1075 1055 1137 annis
1078 1080 1152 1157 post
1176 1073 1346 1156 addidisse,
1369 1074 1455 1136 illam

333 1191 578 1274 discrepantiam
618 1191 663 1253 ita
706 1189 907 1272 explicarem,
944 1191 979 1251 ut
1019 1187 1167 1269 dicerem,
1202 1186 1459 1271 Xenophontem,

334 1323 436 1388 quum
470 1303 510 1366 de
543 1301 683 1385 Dexippi
714 1305 815 1364 morte
847 1300 1006 1376 scriberet,
1031 1300 1175 1364 nondum
1202 1301 1363 1379 statuisse,
1387 1300 1459 1364 reli·

335 1437 432 1501 quam
466 1416 629 1480 historiam
667 1432 773 1497 usque
804 1413 843 1477 ad
878 1413 985 1496 copias
1016 1411 1169 1476 Thibroni
1196 1412 1328 1476 traditas
1358 1413 1459 1477 literis

333 1531 495 1611 mandare,
518 1533 550 1593 et
581 1528 681 1592 altere
703 1531 793 1611 parte
817 1526 933 1608 addita,
956 1545 1025 1590 eam
1050 1528 1162 1591 mortis
1187 1528 1382 1590 mentionem
1407 1526 1459 1590 vel

333 1644 439 1708 delere
470 1643 523 1707 vel
553 1643 615 1705 alio
645 1642 715 1706 loco
744 1659 863 1725 ponere
885 1640 1074 1724 neglexisse.
1098 1639 1257 1723 Essetque
1280 1640 1340 1704 hoo
1365 1661 1459 1724 argu-

333 1761 479 1821 mentum
503 1756 703 1820 simillimum
730 1757 768 1837 ei,
791 1775 856 1838 quo
878 1753 1044 1819 Nitschius
1064 1754 1201 1838 (Ablass,
1223 1775 1251 1818 v.
1271 1754 1355 1819 Xen.
1375 1753 1459 1819 Hell.

333 1891 364 1954 p.
387 1871 418 1951 6)
442 1869 597 1955 probavit,
620 1869 695 1933 inde
719 1889 738 1932 a
761 1871 864 1953 capite
882 1867 917 1931 II
936 1868 1011 1932 libri
1030 1868 1061 1931 V
1082 1888 1196 1933 novam
1217 1867 1458 1933 Hellenioorum

335 1985 476 2068 incipere
508 1988 638 2066 partem.
669 1981 777 2058 Quum
802 1983 887 2045 enim
911 1982 946 2045 in
969 2000 1007 2045 ea
1029 1988 1127 2065 parte,
1150 2001 1233 2065 quae
1254 1982 1373 2045 librum
1398 1987 1460 2046 ter-

334 2098 417 2160 tium
453 2100 485 2160 et
520 2099 669 2180 quartum
704 2115 778 2158 cum
811 2096 913 2178 primo
946 2095 1051 2178 quinti
1082 2096 1183 2179 capite
1206 2096 1357 2178 continet,
1381 2094 1461 2158 nihil

334 2210 467 2294 legatur,
491 2209 579 2293 quod
602 2213 674 2293 post
697 2227 806 2292 pacem
826 2208 1048 2272 Antaloideam
1068 2209 1461 2292 acciderit,praeterregis

335 2322 515 2387 Pausaniae
550 2322 673 2387 obitum
708 2321 777 2404 (III,
814 2325 842 2404 5,
875 2323 937 2404 25),
967 2322 1118 2404 idemque
1149 2320 1326 2386 Pausanias
1358 2323 1462 2405 capite

337 2436 477 2501 secundo
501 2435 576 2499 libri
600 2437 705 2519 quinti
730 2435 762 2516 (ὅ
788 2436 818 2516 3)
842 2435 966 2498 dicatur
987 2436 1096 2499 vivere
1116 2436 1213 2498 etiam
1233 2434 1458 2500 etMantinen-

337 2550 427 2614 sibus
457 2549 574 2631 favere,
597 2568 639 2612 ex
669 2568 706 2612 ea
729 2567 763 2612 re
786 2567 937 2632 apparere
961 2548 1126 2612 contendit
1150 2547 1328 2631 Nitschius
1351 2548 1462 2612 Xeno-

336 2662 497 2746 phontem,
520 2682 622 2747 quum
646 2663 684 2726 de
706 2661 886 2727 Pausaniae
906 2663 1002 2726 exilio
1023 2667 1192 2738 narrasset,
1213 2662 1285 2725 ideo
1306 2666 1337 2725 et
1351 2660 1462 2726 mortis

337 2778 416 2858 eius,
451 2795 533 2860 quae
566 2776 688 2860 aliquot
722 2777 816 2840 annis
849 2780 922 2859 post
957 2775 1080 2858 accidit,
1112 2776 1307 2839 mentionem
1339 2774 1465 2858 fecisse,

337 2889 424 2972 quod
453 2889 624 2953 consilium
646 2889 790 2973 cepisset,
814 2907 884 2952 eam
909 2894 1032 2952 tantum
1059 2887 1210 2951 historiae
1234 2891 1356 2971 partem
1382 2892 1462 2951 trac-

338 3004 436 3085 tandi,
476 3022 558 3087 quae
599 3021 676 3087 pace
710 3001 902 3066 Antaloidea
936 3002 1147 3083 clauderetur,
1181 3002 1392 3085 nesciretque,
1428 3021 1463 3065 se

337 3121 447 3199 postea
479 3120 509 3179 et
540 3134 586 3198 ea,
610 3135 693 3199 quae
717 3120 788 3199 post
812 3134 882 3178 eam
906 3133 1016 3198 pacem
1040 3115 1075 3178 in
1099 3113 1232 3178 Graecia
1256 3119 1325 3178 aeta
1347 3119 1463 3196 essent,

339 3233 545 3293 narraturum
581 3248 658 3293 esse.
693 3227 790 3292 Nunc
821 3247 884 3312 quo
917 3228 1010 3292 modo
1033 3229 1121 3292 locos
1146 3227 1184 3291 de
1206 3225 1354 3311 Dexippo
1379 3229 1464 3291 inter

340 3362 375 3407 se
398 3342 566 3406 conciliem
589 3361 655 3406 non
677 3343 788 3406 video:
814 3342 869 3406 sed
894 3342 953 3406 hoc
976 3342 1129 3425 intelligo,
1153 3345 1324 3424 antequam
1346 3341 1465 3405 disere-

340 3456 457 3540 pantia,
493 3475 590 3538 quam
625 3474 683 3539 ego
717 3456 867 3537 indicavi,
902 3455 954 3520 vel
985 3455 1111 3520 sublata
1142 3456 1183 3518 sit
1214 3455 1264 3518 vel
1296 3454 1463 3538 explicata,

339 3567 478 3633 Nitschii
508 3587 639 3652 quoque
669 3568 708 3632 de
734 3567 911 3632 Helleniois
934 3573 1160 3652 argumentum
1185 3568 1349 3651 aliquanto
1373 3566 1464 3630 infir-

340 3684 424 3747 mius
447 3701 526 3763 esse,
551 3702 649 3766 quam
673 3683 735 3764 ipsi
760 3682 915 3746 videatur.

384 3795 409 3879 I,
435 3796 475 3858 17
500 3793 669 3866 Κλεαίνετος
693 3793 718 3858 δ’
743 3791 902 3871 ἐξαγαγὼν
925 3790 977 3857 aa)
1001 3793 1049 3856 τὸν
1069 3793 1174 3856 ἑαυτοῦ
1195 3790 1247 3857 καὶ
1268 3791 1462 3873 ἅλλονλόχον

341 3908 409 3988 πρὸς
442 3906 545 3988 χωρίον
576 3904 722 3987 χαλεπόν,
754 3906 844 3979 αὐτός
875 3930 909 3970 τε
937 3906 1065 3970 ἀπέθανε
1096 3906 1144 3969 aci
1168 3905 1254 3971 ἄλλοι
1278 3905 1382 3972 πολλοὶ
1407 3911 1463 3972 τῶν

340 4020 393 4084 σὺν
424 4021 512 4099 αὐτῷ.
542 4020 690 4084 Miraouli
721 4023 823 4085 instar
855 4026 911 4102 est,
941 4020 1027 4103 qnod
1050 4019 1249 4105 Trapezunte
1272 4020 1461 4087 Oleaenetus

340 4154 472 4219 prorsus
492 4135 578 4199 idem
600 4135 684 4218 facit,
708 4134 794 4219 quod
817 4140 928 4219 postea
951 4133 1126 4198 Oerasunte
1150 4133 1312 4200 Clearetae
1332 4137 1368 4219 (o.
1390 4135 1467 4219 VII,

343 4249 412 4327 lit:
437 4253 572 4331 uterque
595 4250 681 4312 enim
704 4251 852 4312 narratur
874 4248 981 4312 locum
1007 4248 1039 4310 in
1060 4248 1177 4311 vicinia
1196 4247 1277 4312 bene
1297 4249 1461 4313 munitum

341 4380 511 4447 aggressus
532 4381 607 4426 cum
630 4381 747 4447 magna
768 4366 857 4445 parte
880 4362 1019 4425 militum
1038 4361 1208 4426 occidisse:
1230 4362 1265 4424 in
1284 4361 1381 4427 rebus
1394 4368 1461 4427 tam
