3330 5262
849 577 913 642 352

361 761 524 828 Dicuntur
548 765 657 828 autem
683 762 714 844 (ξ
739 761 770 846 9)
795 762 911 848 Argivi
934 781 1126 847 cognoscere
1150 760 1352 840 τεταγμένους
1376 770 1449 828 Λα·

317 873 515 954 κεδαιμονθονο
539 875 594 952 μὲν
616 871 666 940 ert
689 874 729 954 τῷ
753 870 835 954 δεξιῷ
859 875 977 938 ἑαυτῶν.
1003 874 1126 958 QuiviS,
1150 882 1188 942 ut
1211 876 1448 962 opinor‚lector

315 1009 358 1056 ex
380 991 421 1055 iis
449 988 557 1055 verbis
580 988 697 1054 efficiat
719 987 988 1053 Iecedcemonios
1011 987 1164 1068 oppositos
1187 988 1289 1055 fuisse
1312 990 1446 1054 dextero
1519 968 1522 973 ¹

318 1101 509 1185 Ανρὶοονοιονι
543 1121 660 1166 cornu:
697 1121 739 1167 ex
774 1100 985 1185 sequentibus
1016 1105 1124 1167 temen
1155 1108 1286 1187 apparet
1316 1122 1449 1187 prorsus

318 1215 514 1278 centrarium
536 1212 657 1278 fuctum
682 1232 768 1278 esse:
794 1232 968 1298 occupasse
992 1215 1079 1278 enim
1104 1213 1373 1279 Lacedaemonios
1396 1213 1451 1278 sui

319 1325 457 1406 ipsorum
480 1327 643 1391 exercitus
666 1331 789 1410 partem
816 1326 990 1392 dexterum.
1010 1326 1078 1391 Iam
1098 1327 1177 1392 haec
1188 1346 1264 1412 ergo
1276 1328 1449 1392 locutionis

318 1438 489 1503 insolentie
511 1437 607 1504 habet
628 1440 663 1502 in
687 1459 752 1522 qno
777 1438 927 1504 offendas.

363 1541 601 1616 Corinthiorum
634 1551 748 1616 exules
780 1550 1022 1636 introductique
1046 1551 1086 1616 ab
1111 1552 1179 1616 illis
1202 1551 1353 1638 Spartani
1375 1557 1450 1618 ente

320 1665 481 1729 sociorum
518 1665 694 1730 adveutum
729 1665 798 1729 suis
834 1685 900 1730 non
935 1665 1049 1730 confisi
1079 1665 1204 1730 viribus
1234 1663 1398 1746 τταθρωροθ
1420 1665 1448 1729 τ’

318 1777 491 1850 ἒτοιθταντο
524 1774 577 1840 καὶ
612 1776 725 1858 ταφρθν
760 1773 820 1841 οἵαν
851 1775 996 1842 ἐδύναντο.
1030 1776 1174 1843 Dubium
1198 1798 1263 1842 non
1288 1783 1345 1861 est,
1369 1780 1451 1862 quin

319 1891 400 1956 illud
422 1888 587 1971 τταθρωροα
608 1890 741 1956 iecerint
765 1891 921 1957 adversus
944 1892 1061 1976 hostes,
1086 1894 1143 1975 qui
1166 1890 1206 1955 ab
1225 1890 1306 1957 urbe
1326 1893 1451 1956 adorie-

320 2002 446 2088 bantur,
468 2004 567 2088 idque
590 2005 685 2068 etium
710 2003 817 2070 verbis
840 2004 893 2085 τρθ
918 2003 1028 2068 ἑαυτῶν
1048 2005 1257 2090 significetur.
1276 2006 1322 2070 At
1342 2007 1451 2071 statim

321 2121 394 2201 post
434 2116 650 2197 σταυρώματος
685 2118 878 2182 mentionem
913 2118 992 2181 haec
1026 2122 1226 2201 sequuntur:
1261 2111 1297 2190 ἦν
1331 2116 1362 2180 δὲ
1397 2114 1451 2181 καὶ

319 2227 434 2294 θτιτθεν
456 2230 554 2295 αὐτῶν
578 2230 607 2294 ἐν
630 2229 670 2310 τῷ·
693 2227 789 2307 λιμένι
813 2233 940 2294 Βοιωτῶν
963 2231 1098 2309 Φωλακθ.
1122 2230 1260 2295 Nullum
1282 2250 1357 2315 ergo
1378 2251 1451 2295 mu·

320 2345 502 2408 nimentum
538 2341 699 2407 hebebant
733 2342 883 2427 Spartani
916 2343 1072 2409 adversus
1103 2363 1168 2428 eos,
1192 2346 1257 2428 qui,
1282 2345 1361 2408 dum
1386 2345 1450 2429 ipsi

321 2476 397 2521 eum
432 2456 564 2540 Argivis
594 2476 711 2521 munus
742 2461 954 2540 consererent,
986 2478 1006 2520 a
1034 2463 1124 2542 tergo
1147 2458 1266 2522 adoriri
1289 2458 1450 2542 possent?

320 2568 425 2654 Magis
459 2574 576 2653 temen,
611 2574 648 2634 ut
683 2569 804 2654 opinor,
839 2571 1057 2634 necessarium
1094 2576 1162 2635 eret
1191 2576 1317 2656 tergum
1352 2591 1451 2655 quem

320 2683 457 2747 frontem
481 2688 595 2768 tegere.
619 2682 736 2748 Fossae
759 2688 868 2748 eutem
891 2686 985 2748 istius
1009 2687 1044 2750 in
1067 2685 1196 2770 proelio,
1220 2686 1307 2770 quod
1332 2687 1449 2751 deinde

322 2796 522 2880 describitur,
552 2797 665 2862 nullus
697 2802 746 2863 est
772 2817 862 2862 usus.
884 2798 1019 2862 Accedit
1041 2800 1118 2863 hoec
1137 2819 1268 2883 qnoque
1290 2799 1447 2883 molestia,

323 2911 409 2994 qnod
440 2911 470 2992 (ξ
501 2910 553 2992 10)
583 2910 699 2995 Argivi
723 2909 867 2990 ρονθιοιαινο
895 2909 1074 2995 Sicyonios,
1097 2911 1159 2977 sibi
1182 2913 1354 2997 oppositos,
1378 2915 1451 2978 vin-

322 3027 410 3106 cunt,
434 3022 545 3087 deinde
568 3023 601 3086 τὸ
624 3020 787 3103 σταύρωμα
809 3029 1029 3108 perrumpunt.

366 3135 470 3200 Victis
492 3137 525 3199 in
548 3135 724 3221 fugamque
744 3138 847 3202 versis
867 3136 1026 3219 Sicyoniis
1038 3137 1261 3220 Pusymachus
1273 3137 1452 3223 Spartanus

321 3250 467 3332 equitum
503 3249 682 3334 praefectus
716 3270 792 3314 eum
826 3253 939 3336 paucis
970 3251 1134 3335 equitibus
1167 3250 1209 3333 ᾔει
1241 3250 1367 3316 ἐναντίον
1391 3257 1452 3325 τοῖς

322 3359 465 3441 Ἀργείοις
496 3362 526 3444 (ξ
559 3363 620 3444 10).
654 3362 718 3439 Qui
739 3368 847 3435 eutem
870 3364 924 3429 ifle
947 3365 1033 3429 intre
1056 3385 1166 3430 muros
1190 3365 1300 3430 venire
1322 3365 1452 3451 potuit?

322 3474 364 3539 Et
387 3494 428 3539 ne
449 3476 604 3541 adversus
624 3477 719 3542 illum
743 3479 873 3562 quidem
895 3479 1073 3562 quidquem
1091 3484 1206 3544 conatu
1227 3477 1453 3544 suntBoeoto·

322 3608 395 3653 rum
420 3589 586 3674 praesidia,
607 3610 690 3673 quae
714 3611 812 3677 supra
834 3591 973 3675 legimus
998 3593 1032 3654 in
1054 3596 1150 3676 portu
1172 3591 1298 3657 fuisse?

368 3702 467 3768 Atrae
498 3722 573 3768 vero
604 3705 690 3768 nocti
723 3704 840 3768 similia
872 3708 958 3787 sunt,
989 3723 1071 3788 qnae
1103 3705 1121 3787 ξ
1148 3705 1187 3767 11
1213 3708 1402 3769 nouantur:
1428 3703 1454 3768 oi

325 3812 424 3892 μέντοι
447 3814 585 3896 Φυγάδες
608 3819 664 3881 τῶν
688 3816 831 3898 Κορινθίων
855 3819 987 3889 νικῶντες
1010 3815 1077 3886 τοὺς
1100 3816 1169 3880 καθ’
1192 3815 1298 3889 αὐτοὺς
1319 3815 1455 3882 διέδυσαν

318 3925 382 3992 θνω
405 3926 457 3993 καὶ
481 3926 611 4006 ἐγένοντο
633 3928 727 4007 ἐγγὺς
749 3932 800 3993 τοῦ
823 3927 887 4010 τερὶ
911 3927 943 3993 ro*
966 3925 1044 3993 θοττν
1063 3927 1181 3994 κύκλον·
1203 3929 1227 3994 οἱ
1246 3928 1272 3993 θ’
1292 3922 1331 3994 αὖ
1351 3937 1454 3993 Λακε-

323 4039 463 4119 δαιμόνιοι
497 4042 535 4113 oie
570 4042 686 4124 ᾔσθοντο
717 4046 881 4122 κρατοῦνται
912 4044 968 4125 (ita
997 4043 1076 4128 legit
1099 4042 1368 4108 Breitenbaehius
1390 4063 1449 4127 pro
1519 4021 1521 4028 Ι

322 4153 514 4233 κρατούμενα,
542 4157 649 4222 nescio
672 4177 714 4226 un
733 4159 827 4238 reete)
848 4153 889 4219 τοὶ
909 4153 990 4219 κατὰ
1008 4154 1074 4228 τοὺς
1096 4154 1274 4229 Σικυωνίους,
1295 4154 1449 4233 βοηθοῦσιν

318 4261 491 4342 ἐξελθόντες,
514 4268 544 4332 ἐν
576 4268 711 4350 θριττιρρῐ
734 4266 853 4348 ἔχοντες
876 4267 909 4332 τθ
932 4265 1104 4349 σταύρωμα.
1133 4264 1164 4332 οἵ
1181 4293 1218 4347 γε
1240 4268 1300 4347 μὴν
1325 4271 1455 4349 Ἀργεῖοι
