3330 5262
757 603 819 665 391

231 783 344 847 ineolis
365 783 488 846 fortiter
510 784 725 867 repelluntur3
751 787 934 850 recedentes
959 805 1013 850 eos
1037 787 1269 870 aggrediuntur
1289 785 1349 850 Po-

231 897 348 980 lytropi
382 899 514 980 equites,
549 897 634 982 Ergo
668 898 904 964 Mantineanses
935 897 1072 977 γνόντες.
1087 947 1095 962 .
1109 947 1138 962 ..
1173 900 1220 970 ὡς.
1253 899 1276 962 εί
1307 897 1350 976 μθ

231 1008 456 1089 ἀποκρούσονται
487 1009 603 1084 αὐτούς,
636 1007 678 1074 ότι
708 1010 811 1076 πολλοὶ
842 1016 926 1093 σφῶν
953 1011 1265 1085 κατακοντισθήσονται
1289 1011 1348 1075 κτὲ.

231 1122 320 1187 Ferri
358 1144 422 1187 non
459 1131 562 1208 potest
595 1127 718 1196 ὡς....
754 1124 809 1206 ότι,
845 1128 900 1192 sed
935 1128 1162 1210 particularum
1199 1128 1350 1192 alterutra

231 1236 365 1300 delenda
387 1243 442 1301 est.

274 1350 314 1433 V,
348 1353 396 1415 18.
428 1350 538 1416 Castra
568 1373 666 1437 prope
689 1354 881 1419 Mantineam
907 1357 999 1440 ponit
1020 1355 1205 1439 Agesilaus;
1231 1354 1295 1418 ίόὼν
1318 1351 1349 1418 δέ

230 1465 462 1543 συλλεγομένους
493 1468 526 1530 ἐκ
556 1473 609 1540 τῆς
636 1472 691 1530 τῶν
715 1467 882 1532 Μαντινέων
906 1466 1016 1540 πόλεως
1039 1467 1088 1532 aa>
1111 1475 1171 1542 τοῖς
1193 1467 1264 1549 όρεσι
1287 1475 1349 1540 τοῖς

222 1577 300 1658 -ὑτέρ
330 1586 384 1653 τῆς
407 1581 489 1660 οὐραῖς
513 1585 564 1644 τοῦ
588 1581 692 1646 ἑαυτοῦ
715 1581 937 1661 στρατεύματος
960 1582 1021 1646 κτὲ.
1044 1581 1159 1648 Nonne
1181 1588 1254 1667 post
1276 1596 1349 1645 συλ-

231 1689 405 1768 λεγομένους
428 1694 609 1758 addendum
634 1701 681 1759 est
703 1692 785 1767 τινοός
807 1696 859 1759 vel
882 1693 972 1767 rode?

277 1804 315 1886 V,
349 1807 399 1870 24.
432 1805 598 1872 Thebanos
627 1809 822 1892 simulatque
852 1811 886 1873 in
909 1808 1167 1894 Peloponnesum
1190 1813 1347 1874 venerunt

231 1917 395 1984 obsecrant
419 1919 645 2005 Spartanorum
667 1923 782 2004 hostes,
802 1928 839 1986 ut
858 1942 967 1987 seeum
986 1922 1174 1986 Laconicam
1185 1922 1347 1986 invadant.

229 2031 253 2096 σί
281 2032 313 2096 δὲ
344 2033 472 2110 Θηβαῖοι
502 2032 601 2108 ἤκουον
629 2035 683 2112 μὲν
705 2039 812 2108 ταῦτα,
836 2034 1055 2115 ἀντελογίζοντο
1079 2035 1110 2100 δὲ
1132 2033 1174 2100 ότι
1197 2035 1346 2113 δυσεμβο-

228 2143 347 2217 λωτοίτκ
385 2145 438 2222 μέν
473 2147 489 2219 ἡ
525 2147 680 2220 Λακωνικός
710 2147 827 2226 ἐλέγετο
856 2141 936 2220 εἶναι,
968 2147 1090 2229 φρουρός
1114 2148 1145 2212 δὲ
1168 2146 1345 2212 καθεστοίναι

225 2255 354 2338 ἐνόμιζον
383 2257 432 2322 ἐπὶ
463 2267 525 2330 τοῖς
555 2259 819 2340 εὐσροσοδωτοίτοις.
845 2259 897 2324 καί
921 2259 978 2340 γόιρ
1002 2254 1035 2334 ἦν
1058 2260 1215 2340 Ἰσχόλαος
1238 2262 1292 2339 μὲν
1315 2262 1343 2325 ἐν

227 2371 287 2450 0ίῷ
321 2377 375 2444 τῆς
407 2372 574 2452 Σκιρίτιδος,
609 2371 686 2452 ἔχων
716 2373 775 2437 κτὲ.
809 2374 887 2438 Post
918 2374 1050 2438 verbum
1079 2371 1207 2453 ἐνόμιζον
1230 2395 1342 2458 parum

225 2492 311 2550 recte
342 2488 489 2569 sequitur
519 2485 570 2549 καί
602 2486 659 2567 γθιρ
691 2481 740 2563 ἦνς
772 2490 963 2553 eiiciendum
992 2494 1040 2552 est
1070 2485 1137 2568 γοίρ,
1163 2495 1199 2552 ut
1220 2489 1343 2573 reliqua

225 2599 420 2684 significent:
452 2606 483 2665 et
506 2607 573 2664 erat
595 2621 704 2666 οοοονοι
726 2601 891 2666 Iseholaus
915 2620 939 2666 e.
955 2622 982 2686 q.
998 2622 1021 2665 s.
1046 2602 1167 2666 Verum
1190 2603 1250 2666 hoe
1273 2622 1342 2668 esse

223 2719 392 2798 apparete
416 2714 636 2798 sequentibus,
659 2713 714 2778 ubi
738 2708 771 2787 ἦν
795 2713 825 2777 δέ
848 2717 883 2778 in
905 2715 1008 2778 fronte
1032 2717 1172 2799 positum
1196 2720 1253 2779 est.

267 2826 307 2909 V,
332 2829 382 2890 35.
407 2827 554 2912 Spartani
577 2827 616 2892 ab
640 2829 894 2892 Atheniensibus
913 2834 1036 2913 petunt,
1050 2834 1085 2891 ut
1105 2828 1167 2892 sibi
1179 2828 1339 2892 auxilium

223 2940 327 3005 ferant
350 2942 503 3006 adversus
525 2941 701 3024 Thebanos,
725 2942 900 3025 multisque
923 2944 956 3005 in
981 2961 1017 3006 aa
1038 2961 1071 3005 re
1092 2947 1228 3006 utuntur
1247 2962 1341 3026 argu·

221 3056 343 3118 mentis.
364 3052 504 3132 μέγιστον
523 3054 553 3116 δὲ
573 3058 628 3116 τῶν
641 3051 803 3133 λεχθέντων
815 3053 897 3134 ταρόο
909 3053 1145 3130 Λακεδαιμονίων
1157 3052 1245 3117 εἲόκει
1258 3047 1338 3127 εἶναι,

220 3163 261 3230 ότι
285 3166 368 3239 ἡνίκα
386 3166 633 3244 κατεπολέμησαν
653 3165 767 3239 αὐτούς,
790 3166 928 3244 Θηβαίων
949 3165 1132 3244 βουλομένων
1153 3159 1339 3238 οίναστόίτους

220 3286 337 3353 ποιῆσαι
359 3279 414 3350 τοὶς
438 3280 576 3354 Ἀθήνας,
601 3279 702 3361 σφίσιν
726 3279 859 3357 ἐμποδὼν
883 3278 1017 3357 γένοιντο.
1040 3279 1254 3343 certissimam
1274 3278 1339 3343 Do·

220 3395 307 3460 braei
343 3395 594 3459 emendationem
624 3397 834 3459 neeessariam
858 3415 921 3458 non
947 3414 1016 3458 esse
1039 3394 1255 3458 demonstrare
1277 3393 1338 3458 sibi

220 3509 368 3572 nonnulli
391 3509 542 3572 videntur
565 3508 733 3572 afferendis
752 3507 943 3592 quibusdam
963 3508 1050 3589 loeis,
1071 3507 1126 3571 ubi
1145 3509 1237 3586 σφῶν,
1251 3504 1339 3586 σφισί

218 3641 281 3685 non
302 3621 342 3685 ad
364 3624 539 3686 sententiae
560 3620 740 3686 subiectum
761 3624 802 3686 sit
815 3621 1028 3703 referendum,
1041 3620 1096 3684 sed
1107 3640 1238 3704 prorsus
1252 3619 1336 3683 idem

218 3734 375 3818 significet
395 3734 480 3818 quod
498 3734 604 3806 αὐτῶν,
618 3734 729 3805 αὐτοῖς.
746 3733 845 3810 Quasi
856 3753 942 3814 vere,
955 3735 981 3796 si
994 3734 1045 3796 hie
1057 3733 1156 3802 αὐτοῖς
1170 3732 1336 3816 legeretur,

216 3849 250 3912 id
275 3847 340 3911 ullo
364 3848 458 3911 modo
481 3847 557 3911 ferri
581 3849 702 3930 posset!
725 3846 832 3911 Oratio
846 3849 930 3910 enim
944 3853 1103 3911 reetanon
1117 3839 1181 3908 est:
1196 3843 1334 3921 Θνβαίων

217 3959 399 4037 βουλομένων
433 3958 619 4044 οίναστιίτους
650 3965 765 4031 ποιῆσαι
792 3959 847 4030 τοὶς
871 3957 999 4030 Ἀθήνας
1022 3957 1155 4034 ἐμποδὼν
1178 3955 1335 4033 ἐγενόμεθα

215 4075 270 4138 sed
303 4073 390 4151 ἡμεῖς
413 4072 547 4148 ἐμποδὼν
571 4069 739 4150 ἐγενόμεθα,
764 4091 837 4155 ergo
861 4073 959 4134 oratio
983 4071 1137 4134 indirecta
1159 4069 1212 4133 fit:
1236 4067 1335 4147 έλεγον

214 4184 256 4250 ότι
280 4184 366 4250 αὐτοὶ
394 4186 465 4270 (vel
484 4184 593 4270 σφεῖς)
616 4185 748 4261 ἐμποδὼν
768 4183 901 4262 γένοιντο.
925 4182 1045 4259 Quodsi
1064 4203 1129 4246 non
1150 4203 1230 4266 opus
1249 4188 1332 4247 esset

216 4301 401 4384 emphaseos
436 4317 532 4362 eausa
567 4297 662 4363 verbo
698 4297 822 4376 γένοιντο
858 4296 1036 4361 subiectum
1070 4296 1193 4380 addere,
1226 4301 1331 4359 tamen
