3354 5268
558 1611 724 1686 CAPUT
750 1609 1035 1685 SECUNDUM.

398 1834 442 1902 lle
465 1833 630 1902 Arahario
653 1832 808 1918 consilto,
831 1833 992 1918 ternpore,
1015 1831 1192 1919 scriptore.

279 2397 368 2462 Nihil
389 2404 438 2463 est
460 2399 547 2481 quod
570 2418 681 2463 omnes
705 2399 916 2483 Antiquitatis
936 2405 1092 2464 amatores
1112 2401 1231 2464 maiore
1243 2400 1356 2463 ardore

236 2513 288 2576 rel
320 2515 382 2596 ipsi
416 2514 568 2596 indagare
602 2501 761 2595 studeant,
793 2513 843 2576 vel
873 2513 913 2576 ab
944 2513 1015 2576 aliis
1047 2515 1177 2598 cupiant
1200 2513 1355 2596 indagari,

236 2645 333 2709 quam
363 2626 508 2690 Platonis
534 2626 732 2710 philosophia
756 2646 797 2690 ex
820 2646 884 2709 quo
907 2627 1064 2710 principio
1088 2631 1170 2708 nata,
1194 2626 1354 2709 quomodo

235 2739 377 2820 creverit,
399 2738 581 2820 adoleverit,
601 2739 639 2802 ad
660 2759 729 2802 eam
747 2740 970 2822 praestantiam
991 2740 1179 2823 pervenerit,
1201 2744 1236 2802 ut
1248 2739 1356 2822 splen-

235 2851 310 2914 dore
344 2871 403 2915 suo
434 2851 621 2915 admirantis
650 2852 783 2914 humani
814 2853 953 2938 generis*
972 2850 1080 2926 oculos
1112 2855 1143 2913 et
1165 2850 1240 2913 olim
1262 2851 1296 2912 in
1321 2870 1355 2914 se
1456 2909 1457 2914 ,

234 2963 425 3026 converterit
447 2966 479 3026 et
502 2982 590 3026 nuno
612 2965 707 3026 etiarn
731 2967 905 3026 convertat.
925 2959 1001 3050 Hoc
1019 2964 1204 3045 praesertim
1224 2964 1351 3027 saeculo

236 3077 354 3138 summi
378 3083 409 3140 et
427 3076 580 3160 philologi
600 3082 631 3140 et
649 3077 828 3160 philosophi
848 3052 959 3140 omnes
977 3075 1099 3158 ingenii
1110 3076 1353 3160 industriaeque

236 3191 320 3252 vires
354 3189 429 3253 huic
459 3191 506 3252 rei
535 3190 726 3272 impendunt
756 3194 792 3253 ut
816 3194 965 3271 statuant,
990 3177 1054 3272 ouo
1078 3189 1188 3254 ordine
1211 3189 1354 3256 Platonis

237 3301 353 3385 dialogi
388 3302 498 3385 scripti
532 3303 613 3364 sint:
649 3302 681 3364 id
714 3303 799 3366 eninr
829 3303 892 3365 nisi
915 3283 1047 3383 cons-tet,
1067 3304 1353 3367 eius-'sententiam

236 3433 303 3477 non
336 3419 402 3478 tam
432 3416 632 3497 perspicuam
663 3414 756 3478 nobis
788 3433 858 3479 esse
881 3401 1033 3498 sentiunt,
1057 3417 1353 3500 quani-optandum

235 3529 294 3590 sit:
329 3545 410 3610 opus
440 3528 525 3590 enim
556 3545 626 3591 osse
656 3533 698 3618 ut
717 3529 864 3610 sciamur,
888 3548 985 3611 quam
1009 3529 1182 3593 meditandi
1204 3530 1288 3593 viam
1314 3531 1356 3594 sit

236 3647 375 3720 secutus,
399 3640 518 3723 quibus
541 3641 927 3723 cogitationibusductus
951 3643 1070 3705 iudicia
1089 3661 1147 3706 sua
1166 3643 1355 3725 conceperit,

236 3752 433 3835 stabiliverit,
463 3749 598 3835 auxerit,
629 3757 818 3820 correxerit:
851 3774 933 3838 quae
955 3756 1039 3819 iuter
1060 3757 1129 3819 eius
1152 3754 1251 3818 libros
1273 3756 1354 3818 ratio

234 3866 417 3949 intercedat,
452 3886 515 3949 quo
546 3867 675 3930 vinculo
706 3869 789 3931 inter
811 3887 845 3931 se
869 3868 1065 3948 cohaereant,
1080 3869 1146 3950 qui
1167 3866 1288 3930 iactum
1313 3869 1354 3930 sit

236 3984 273 4043 ut
302 3980 395 4043 modo
424 3980 610 4062 discrepare,
634 3980 727 4042 modo
752 3981 845 4044 etiam
869 3981 954 4043 inter
976 3998 1010 4044 se
1034 3975 1352 4045 concredideantur.

235 4093 343 4176 Atque
366 4089 402 4157 eo
426 4087 553 4156 utrem
577 4087 771 4157 deducerent
793 4094 853 4156 viri
877 4093 962 4156 docti
985 4093 1098 4170 varias
1117 4085 1254 4175 pro'suo
1267 4089 1354 4176 quis·

236 4225 300 4289 que
318 4208 462 4290 ingenio
492 4212 688 4290 temptarunt
718 4208 804 4270 vias:
838 4207 892 4270 alii
921 4209 1005 4271 enim
1037 4207 1235 4290 dialogorum
1253 4199 1355 4291 ‘arguss
1467 4203 1469 4208 ’

235 4309 342 4383 menta
364 4323 547 4403 spectarunt
571 4319 876 4406 demonstrandique
897 4322 1069 4401 rationem
1094 4337 1136 4386 ex
1156 4313 1355 4386 historiaalii
