3352 5260
872 637 934 699 182

340 821 492 884 iniuriam
519 821 672 903 potiorem
697 839 784 899 esse3
809 820 962 904 additque
983 821 1077 885 hoec:
1102 815 1149 892 οὓς
1172 819 1199 884 δ’
1223 819 1259 884 ἂν
1281 818 1467 898 αἰσθάνωμαι

340 929 420 1009 ὅμως
450 929 503 996 aa}
535 924 766 1011 εὖποίπχοντοις
789 929 834 996 ἔτι
857 932 968 996 οὶόικεῒν
990 931 1188 1014 πειρωμένους,
1212 932 1329 1004 τούτους
1352 935 1390 1002 uic
1410 934 1466 998 aba·

341 1043 479 1118 νκέοτους
510 1042 687 1117 πλεονέκτας
717 1042 771 1118 ἤδη
801 1043 854 1109 κον)
885 1052 940 1118 τῆς
962 1045 1094 1126 χρήσεως
1115 1046 1270 1111 οὶποποούνο.
1297 1046 1356 1112 Oui
1379 1049 1465 1112 euim

341 1159 420 1222 haec
449 1159 568 1243 legenti
597 1179 663 1222 non
686 1157 830 1224 Platonis
853 1161 885 1223 in
911 1165 1051 1225 mentem
1073 1163 1178 1236 veuit;
1204 1164 1278 1246 quis
1301 1179 1464 1226 nonaum

341 1273 540 1337 Ischomachi
574 1275 675 1337 servis
712 1270 879 1345 οίννινέοτοις
914 1279 1077 1359 comparat
1108 1276 1182 1340 illos
1215 1277 1370 1358 homines,
1407 1277 1465 1359 qui

341 1391 469 1470 propter
490 1387 679 1470 gravissima
702 1385 831 1470 flagitia,
854 1406 936 1470 quae
957 1388 992 1450 in
1011 1389 1103 1452 terris
1122 1389 1359 1474 commiserunt,
1379 1389 1465 1476 apud

340 1499 459 1564 inferos
491 1500 644 1564 dicuntur
667 1501 803 1564 summis
825 1502 937 1584 poeuis
960 1503 1178 1585 extremisque
1201 1501 1396 1570 cruciatibus
1418 1502 1466 1566 af·

340 1612 403 1693 fici,
432 1632 498 1677 non
529 1617 567 1677 ut
597 1615 661 1697 ipsi
687 1615 888 1698 corrigantur
910 1650 953 1662 -
975 1613 1088 1679 οὶνίιιτοι
1110 1613 1169 1695 γάρ
1191 1615 1259 1679 είοιν
1283 1653 1324 1664 -
1349 1616 1404 1682 sed
1426 1621 1466 1680 ut

341 1726 412 1790 aliis
437 1726 584 1810 exemplo
608 1727 697 1791 sint?
722 1726 828 1810 (Gorg.
854 1728 917 1790 525
941 1731 986 1808 o).

386 1838 422 1902 Β.
446 1838 621 1921 Virtutum,
649 1838 769 1922 quibus
792 1839 949 1904 excellere
972 1837 1220 1904 Oeconomieum
1244 1840 1397 1924 dicebam,
1419 1842 1466 1905 al·

341 1955 442 2015 teram
475 1970 565 2015 nuno
598 1951 753 2016 inclara
781 1952 855 2016 luce
886 1971 1005 2036 ponere
1027 1952 1174 2018 conabor.
1198 1951 1285 2028 Quin
1308 1952 1465 2022 Scilluute

341 2062 589 2128 Oeconomioum
624 2067 786 2150 scripserit
819 2064 1002 2149 Xenophon
1035 2085 1128 2130 nemo
1163 2066 1309 2130 dubitare
1342 2071 1460 2152 potest:

341 2177 541 2243 Ischomachi
559 2180 658 2242 vitam
677 2177 860 2243 describens
879 2197 970 2243 suam
991 2179 1142 2243 describit
1154 2179 1194 2262 1);
1216 2182 1330 2263 quavis
1348 2182 1466 2269 pagiua

341 2292 441 2354 sentis
472 2310 546 2354 eum
579 2291 721 2375 quotidie
750 2290 815 2356 illis
841 2290 1005 2355 laboribus
1027 2291 1158 2376 illisque
1181 2291 1465 2362 exercitationibus

342 2404 499 2486 delectari,
531 2404 571 2468 de
602 2404 721 2488 quibus
750 2404 995 2469 Ischomachum
1024 2410 1090 2469 tam
1117 2405 1258 2470 iucunde
1280 2411 1465 2472 narrantem

341 2518 433 2598 facit,
477 2536 572 2582 mane
614 2519 718 2602 surgit
759 2517 799 2582 de
832 2518 924 2601 lecto,
956 2518 1127 2602 longisque
1160 2517 1330 2584 itineribus
1365 2538 1466 2604 seque

342 2649 530 2714 equumque
562 2635 698 2713 exercet,
729 2636 760 2695 et
788 2632 834 2694 ita
856 2631 986 2695 domum
1009 2631 1050 2695 ad
1073 2650 1205 2696 coenam
1228 2632 1319 2714 redit,
1341 2637 1379 2698 ut
1401 2631 1466 2697 cibi

342 2743 583 2807 condimentum
614 2745 644 2809 ei
673 2743 774 2808 fames
805 2745 863 2823 sit3
893 2745 1019 2828 integra
1047 2749 1095 2809 est
1117 2745 1309 2828 valetudine,
1330 2746 1465 2832 integris

342 2858 484 2940 corporis
515 2858 679 2941 animique
703 2855 843 2937 viribus3
868 2877 1032 2921 summum
1055 2876 1097 2922 ex
1120 2876 1214 2941 opere
1237 2859 1358 2924 rustico
1381 2860 1467 2942 capit

341 2970 513 3054 gaudium3
552 2971 693 3053 quotidie
727 2989 820 3055 agros
849 2971 987 3055 inspicit,
1017 2990 1128 3035 servos
1158 2971 1317 3053 admonet,
1346 2972 1465 3054 laudat,
1562 3007 1565 3012 ,

343 3085 485 3168 castigat,
509 3103 584 3148 cum
608 3103 711 3148 uxore
731 3084 770 3148 de
789 3083 907 3148 tuenda
927 3083 1244 3167 administrandaque
1262 3103 1297 3148 re
1316 3083 1465 3154 familiari

343 3197 512 3277 deliberat3
544 3198 579 3259 in
610 3196 678 3260 dies
710 3195 827 3260 melius
856 3195 1059 3280 fertiliusque
1084 3196 1250 3280 praedium
1276 3215 1374 3264 suum
1395 3196 1466 3262 fieri

342 3309 446 3374 laetus
469 3309 649 3392 cognoscit3
673 3326 814 3372 crescere
836 3327 1008 3372 numerum
1028 3310 1138 3372 ovium
1157 3307 1320 3392 boumque
1340 3327 1466 3376 omues·

344 3441 406 3506 que
440 3421 521 3486 bene
554 3425 681 3485 curatos
710 3420 876 3505 laetosque
907 3439 977 3485 esse
1005 3423 1121 3502 cemit;
1155 3423 1266 3506 augeri
1290 3441 1365 3506 opes
1388 3442 1466 3490 suas

343 3536 502 3619 intelligit,
525 3536 647 3618 quique
669 3538 742 3598 ante
765 3533 886 3617 aliquot
909 3553 1011 3598 annos
1034 3534 1092 3598 vix
1111 3539 1237 3599 tantum
1256 3555 1466 3602 nummorum

343 3648 481 3730 haberet,
512 3652 550 3711 ut
579 3665 636 3731 pro
667 3651 799 3710 vectura
824 3648 859 3709 in
881 3648 1017 3730 patriam
1040 3648 1179 3731 pretium
1203 3647 1327 3712 solvere
1349 3651 1466 3732 posset,

343 3762 473 3825 iamiam
507 3779 541 3824 se
575 3759 706 3823 divitem
736 3759 804 3824 fore
834 3764 947 3842 sperat
978 3759 1124 3824 Profecto
1155 3762 1184 3824 si
1214 3758 1464 3826 Oeconomioum

344 3905 490 3914 ---——-—

378 3983 406 4050 t)
431 3983 490 4034 Non
513 3987 602 4032 tamen
625 3979 787 4030 Ischomachi
803 3993 940 4044 personam
958 3978 1034 4030 finxit
1050 3980 1208 4046 Xenophon3
1225 3995 1316 4032 revera
1331 3982 1400 4034 inter
1417 3980 1465 4032 So·

345 4076 422 4127 cratis
438 4075 533 4124 amicos
551 4072 645 4136 aliquis
661 4085 691 4122 eo
708 4070 815 4121 nomine
831 4071 910 4122 fuisse
927 4071 1036 4122 videtur.
1052 4071 1115 4122 Vide
1130 4071 1198 4122 Plut.
1214 4071 1278 4122 Mor.
1286 4071 1355 4136 Ill,l
1367 4086 1423 4136 pag.
1432 4069 1466 4122 79

346 4165 467 4233 (wyntz
486 4163 527 4212 nat
543 4163 701 4223 Ἀρίστιππος
717 4160 880 4221 Ὀλυμπίοιπνν
894 4160 1042 4223 Ἰσχομάχῳ
1058 4165 1189 4223 ονριβοιλὼν
1205 4161 1290 4222 ἦροίτοι,
1301 4161 1330 4210 τί
1342 4161 1465 4222 Σωκράτης

344 4257 514 4319 διαλεγόμενος
539 4253 599 4303 οὕτω
624 4253 681 4309 τους
704 4250 767 4308 νέους
793 4249 918 4310 διατίθησι.
952 4251 1032 4302 Paulo
1057 4266 1138 4316 supra
1164 4252 1200 4316 (p
1226 4249 1270 4319 77)
1303 4249 1466 4303 oeconomici

344 4347 429 4399 brevis
445 4347 522 4397 detur
536 4347 694 4408 conspectus.
