3330 5262
847 603 911 664 404

317 787 333 859 η
364 787 418 864 μὲν
441 787 508 866 πρὸς
536 785 601 858 τοὺς
624 783 773 867 Ἀρκάδας
796 784 883 864 Φιλίου
907 785 1004 856 καλῶς
1028 785 1108 864 αὐτῷ
1132 784 1223 857 δοκοίη
1247 783 1433 863 πράττεσθαι,

315 906 373 971 τοῖς
397 898 494 978 μέντοι
517 905 690 980 στρατηγοῖς
710 894 873 977 προστάξαι
894 895 980 982 [ἔφη]
1000 903 1107 978 χρῆναι
1127 895 1203 968 ύπως
1215 895 1266 961 καῖ
1280 897 1297 969 η
1311 895 1433 977 Κόρινθος

316 1010 378 1090 σῴα
402 1008 418 1092 ᾖ
441 1014 480 1092 τῷ
504 1011 587 1092 δήμῳ
610 1015 666 1075 τάν
689 1010 857 1085 Ἀθηναίων,
876 1009 1053 1075 ἀκούσαντες
1074 1007 1128 1095 [δέ]
1149 1014 1249 1074 ταῦτα
1261 1011 1285 1074 οῖ
1297 1010 1430 1091 Κορίνθιοι,

315 1125 401 1205 ταχὺ
435 1125 612 1206 πέμψαντες
646 1123 760 1197 ἱκανοὺς
793 1123 927 1205 Φρουρούς
962 1124 1021 1188 ατέ.
1058 1124 1239 1208 Expunctis
1273 1126 1322 1207 iis,
1355 1144 1434 1208 quae

317 1241 444 1304 uncinis
467 1239 594 1322 inclusi,
618 1239 719 1302 multo
743 1237 911 1302 rotundior
933 1237 987 1302 fiet
1011 1239 1118 1301 oratio.

360 1352 416 1435 IV,
453 1354 503 1416 20.
539 1353 680 1416 Arcades
714 1354 749 1414 in
779 1350 904 1415 Elidem
934 1355 1137 1434 irrumpunt,
1167 1348 1328 1430 πιεζόμενοι
1358 1351 1388 1414 δέ
1412 1351 1435 1415 οῖ

316 1466 426 1530 Ἠλεῖοι
456 1465 485 1528 ἐν
515 1473 551 1546 τῇ
584 1465 693 1528 ἑαυτῶν
716 1461 809 1539 ἠξίουν
832 1461 885 1528 καῖ
908 1462 974 1557 τοὺς
998 1462 1245 1540 Λακεδαιμονίους
1268 1462 1434 1541 πέμποντες

315 1577 451 1659 πρέσβεις
474 1576 686 1658 ἐπιστρατεύειν
709 1583 767 1649 τοῖς
791 1575 923 1657 Ἀρκάσι,
949 1575 1112 1656 νομίζοντες
1135 1573 1223 1650 οὕτως
1242 1575 1278 1640 ἀν
1298 1575 1433 1654 μάλιστα

314 1693 482 1770 ἀπολαβεῖν
505 1693 570 1764 τοὺς
594 1690 753 1772 'Actoridae
778 1692 801 1755 εῖ
821 1690 1025 1772 ἀμφοτέρωθεν
1044 1697 1226 1768 πολεμοῖντο.
1250 1691 1381 1757 Frustra
1400 1712 1432 1758 se

317 1813 477 1889 exercent,
501 1808 556 1890 qui
577 1807 715 1890 aliquem
736 1825 867 1870 sensum
886 1806 961 1869 huic
974 1806 1148 1869 narrationi
1162 1806 1433 1870 accommodatum

317 1939 334 1985 o
366 1919 463 1985 verbo
495 1918 663 1995 ἀπολαβεῖν
694 1926 885 2004 extorquere
915 1925 1079 1983 conantur.
1101 1919 1169 1983 Iam
1194 1921 1280 1983 enim
1303 1925 1377 1984 sont
1396 1923 1428 1983 in

320 2033 420 2115 Elide,
450 2034 594 2116 ineptum
625 2051 700 2116 ergo
724 2038 772 2096 est
794 2051 848 2096 eos
872 2033 967 2096 etiam
990 2032 1079 2096 aditu
1103 2051 1211 2097 arcere
1234 2034 1324 2098 velle.
1347 2033 1430 2096 Nihil

316 2147 351 2208 in
374 2146 462 2209 hunc
485 2146 591 2210 locum
615 2145 770 2228 quadrare
793 2145 921 2209 videtur
944 2165 1041 2228 quam
1064 2145 1211 2208 ἀπελθεῖν.

359 2259 416 2342 IV,
441 2261 491 2321 24.
519 2259 660 2323 Arcades
684 2258 912 2344 Spartanorum
935 2279 1049 2343 agmen
1072 2262 1213 2344 aggressi
1236 2261 1354 2325 mrdtos
1377 2281 1433 2324 no

317 2372 461 2456 bilesque
504 2371 675 2456 Spartanos
711 2373 903 2436 occiderunt.
938 2372 1001 2437 Ubi
1037 2372 1184 2457 Spartani
1217 2376 1251 2438 in
1288 2381 1433 2458 apertum

316 2503 466 2569 campum
493 2485 637 2567 veniunt,
660 2488 758 2549 aciem
784 2487 966 2550 instruunt:
991 2488 1108 2551 iterum
1131 2486 1177 2550 ibi
1199 2488 1234 2550 in
1257 2507 1312 2552 eos
1335 2490 1433 2573 impe

313 2603 383 2662 tum
406 2598 529 2663 faciunt
551 2599 702 2681 Arcades,
726 2601 782 2682 qui
803 2599 877 2663 licet
896 2619 1029 2664 numero
1049 2602 1214 2684 pauciores
1234 2602 1306 2683 sint,
1326 2606 1431 2666 tamen

314 2712 415 2776 multo
449 2713 601 2777 alacriore
631 2719 707 2777 sunt
737 2715 843 2776 animo
875 2712 1083 2787 ἐπεληλυθότες
1110 2715 1294 2795 ἀποχωροῦσι
1319 2719 1432 2800 (quum

314 2826 463 2891 cedentes
504 2826 676 2910 Spartanos
711 2828 968 2911 aggrederentur)
1003 2826 1055 2891 καῖ
1089 2827 1196 2908 ἀνδρας
1230 2829 1433 2902 ἀπεκτονότες.

312 2940 416 3004 Nimis
446 2941 636 3024 languidum
668 2946 716 3005 est
738 2939 854 3020 ἀνδρας,
878 2960 976 3025 quare
1000 2942 1158 3007 excidisse
1180 2947 1257 3027 puto
1282 2941 1431 3016 τοσούτους

313 3057 365 3120 vel
388 3054 538 3126 τοιούτους.

357 3168 414 3251 IV,
438 3171 488 3232 32.
520 3168 544 3232 οῖ
566 3168 592 3232 δ’
616 3162 655 3231 αὖ
678 3168 788 3233 Ἠλεῖοι
813 3146 881 3254 (qui
904 3171 1005 3254 pridie
1027 3169 1168 3234 Arcades
1191 3173 1343 3252 uicerant)
1367 3169 1429 3234 ἐπεῖ

311 3289 347 3362 τῇ
372 3280 509 3363 ὑστεραίᾳ
531 3279 691 3360 προσιόντες
714 3277 790 3346 εἶδον
813 3283 943 3363 καρτερὸν
968 3283 999 3346 τὸ
1019 3288 1118 3361 τεῖχος
1138 3282 1189 3346 καῖ
1209 3280 1258 3346 ε’πῖ
1279 3286 1335 3346 τοῖν
1354 3287 1425 3345 ναοῖν

313 3398 439 3468 πολλοὺς
462 3394 691 3473 ἀναβεβηκότας
714 3396 855 3468 ἀπῆλθον.
879 3395 1027 3461 Dubitari
1046 3417 1110 3460 non
1129 3403 1243 3480 potest,
1262 3399 1338 3481 quin
1353 3401 1424 3480 post

312 3508 443 3590 ααρτερθν
466 3511 669 3594 participium
694 3507 722 3571 θν
746 3511 787 3573 sit
809 3511 1022 3574 inserendum.

356 3624 412 3707 IV,
438 3625 487 3687 33.
511 3622 676 3688 Dissensio
701 3625 802 3687 oritur
825 3625 908 3687 inter
929 3624 1080 3707 Arcades,
1105 3643 1242 3707 quorum
1266 3625 1320 3688 alii
1340 3643 1429 3688 sacra

312 3740 448 3821 pecunia
479 3740 722 3821 (occupaverant
753 3739 837 3801 enim
869 3757 942 3801 oum
966 3736 1084 3802 Pisatis
1107 3738 1263 3822 templum
1287 3737 1429 3822 Olympi-

313 3871 385 3915 cum
425 3852 443 3932 ξ
480 3853 532 3932 29)
565 3853 612 3914 uti
642 3853 674 3915 in
708 3853 884 3915 exercitum
916 3852 1073 3934 volebant,
1096 3852 1149 3914 alii
1172 3853 1376 3917 vehementer
1396 3851 1427 3915 id

312 3967 482 4030 consilium
505 3965 735 4049 improbabant.
759 3964 860 4028 Primi
883 3973 988 4030 autem
1012 3966 1246 4030 Mantineenses
1269 3965 1427 4046 ἀπεψηφί-

311 4103 401 4142 σαντο
431 4079 475 4156 μη
505 4080 631 4159 χρῆσθαι
661 4085 723 4148 τοῖς
742 4078 822 4158 ἱεροῖς
847 4080 992 4157 χρήμασι.
1019 4077 1070 4142 καῖ
1094 4077 1180 4142 αύτοῖ
1203 4080 1235 4142 τὸ
1258 4078 1426 4157 μιγνύμενον

312 4190 394 4271 μέρος
430 4192 467 4262 εἷς
501 4192 567 4264 τοὺς
604 4191 754 4271 ε’παρέτούς
790 4193 937 4273 (delectas
967 4193 1131 4257 Arcadum
1162 4195 1278 4277 copias)
1311 4192 1342 4255 ἐκ
1372 4197 1425 4262 τῆς

311 4303 420 4375 πόλεως
443 4304 643 4384 ε’κπορῖσαντες
666 4303 853 4383 ἀπέπεμψαν
876 4311 937 4375 τοῖς
960 4302 1106 4385 ἀρχουσιν.
1132 4304 1222 4371 Duae
1245 4325 1296 4371 res
1315 4308 1348 4368 in
1368 4305 1425 4367 hac
