3330 5262
777 613 839 676 397

284 793 387 879 Caput
418 795 460 872 H,
496 798 523 859 3.
558 796 646 861 Inter
674 817 734 879 res,
756 816 773 862 e
797 796 915 881 quibus
940 797 1111 880 singularis
1135 797 1351 861 Phliasiorum

240 928 316 993 erga
350 909 519 993 Spartanos
553 912 698 994 apparuit
727 910 871 992 fidelitas,
904 914 1109 974 enumeratur
1140 914 1171 974 et
1199 911 1278 974 hoc:
1310 907 1360 973 καὶ

242 1020 402 1100 διαβαίνειν
432 1029 588 1087 τελευταῖοι
618 1021 765 1102 λαχόντες
785 1023 824 1095 εἰς
847 1021 979 1103 Πρασιὰς
1003 1025 1060 1086 τῶν
1083 1021 1360 1100 συμβοηθησάντων,

243 1129 317 1208 ἦσαν
342 1134 373 1198 δὲ
396 1130 469 1200 οὗτοι
493 1135 630 1217 Κορίνθιοι,
655 1134 839 1217 Ἐπιδαύριοι,
864 1135 1028 1216 Τροιζήνιοι,
1051 1135 1219 1217 Ἑρμιονεῖς,
1242 1135 1362 1209 Ἀλιεῖς,

241 1247 385 1312 Σικυώνιοι
416 1247 467 1312 καὶ
499 1257 669 1322 Πελληνεῖς,
702 1250 733 1313 οὐ
764 1248 821 1329 γαρ
852 1248 970 1313 aaron
993 1247 1182 1329 ἀφέστασαν,
1207 1247 1278 1312 ἀλλ’
1302 1248 1362 1312 οὐδ’

244 1358 306 1424 ἐπεὶ
331 1361 344 1424 ὃ
367 1357 489 1440 ξεναγὸς
508 1361 574 1436 τοὺς
593 1361 834 1443 προδιαβεβῶτας
853 1360 956 1440 λαβὼν
975 1359 1127 1426 ἀπολιπὼν
1139 1362 1245 1435 αὐτοὺς
1258 1362 1362 1442 ᾤχετο,

243 1473 302 1537 οὐδ’
335 1475 372 1546 ὡς
402 1473 639 1558 ἀπεστράφησαν
672 1477 733 1541 κτὲ.
766 1477 961 1542 Sententiam
984 1478 1066 1540 hanc
1090 1483 1271 1562 corruptam
1295 1496 1365 1542 esse

243 1591 365 1673 primus
396 1591 507 1656 Morus
534 1592 622 1676 vidit,
647 1594 704 1676 qui
726 1611 782 1676 pro
807 1590 924 1654 πώποτε
946 1593 1074 1676 scripsit
1096 1614 1140 1654 σοι
1165 1590 1241 1664 τότε,
1268 1611 1364 1675 quam

244 1705 494 1770 emendationem
520 1708 718 1771 verissimam
742 1724 812 1770 esse
836 1709 966 1790 apparet
989 1725 1006 1770 e
1030 1706 1049 1788 ἓ
1075 1705 1124 1788 11,
1144 1704 1200 1769 ubi
1220 1708 1367 1789 scriptor,

247 1817 285 1882 de
319 1821 515 1885 antecedenti
548 1825 688 1905 tempore
719 1819 870 1904 scribens,
901 1821 993 1884 dicit:
1027 1818 1205 1892 Πελληνέας,
1230 1816 1283 1892 ἤδη
1308 1816 1365 1899 γὰρ

243 1928 309 1994 τότε
336 1931 501 2004 ἠκολούθουν
524 1938 586 2005 ,τοῖς
610 1932 759 2011 Θηβαίοις.
785 1933 848 1998 Sed
870 1938 1030 2017 praeterea
1053 1932 1246 1997 vocabulum
1271 1929 1364 2004 elaad,

208 2055 210 2060 ’
246 2046 331 2128 quod
365 2051 437 2130 post
471 2045 650 2128 ἀφέστασαν
683 2048 809 2132 legitur,
844 2047 1069 2131 expellendum
1104 2051 1168 2111 est:
1203 2047 1248 2110 ita
1280 2046 1365 2110 enim

248 2157 377 2222 demum
398 2165 483 2224 recte
506 2163 660 2226 sententia
682 2162 839 2246 procedet.

290 2271 331 2355 H,
364 2275 457 2336 5-8.
486 2273 705 2339 Pulcherrima
734 2277 873 2339 narratio
905 2275 943 2339 de
967 2274 1054 2338 urbis
1077 2274 1239 2338 Phliuntis
1266 2293 1365 2357 oppu-

244 2387 403 2470 gnatione,
427 2408 523 2471 quam
544 2389 730 2472 proditores
755 2389 884 2473 quidam
912 2394 1002 2453 extra
1024 2393 1054 2452 et
1076 2391 1161 2452 intra
1185 2406 1293 2451 muros
1323 2380 1370 2471 (οἱ

245 2497 391 2579 φυγάδες,
416 2501 439 2564 οἱ
462 2500 657 2589 προδιδόντες)
685 2503 913 2589 Spartanorum
938 2502 1082 2568 hostibus
1106 2504 1230 2588 tradere
1250 2521 1366 2566 conan-

246 2616 307 2696 tur,
329 2615 373 2678 ita
397 2616 526 2680 demum
550 2617 684 2701 intelligi
706 2623 818 2701 potest,
838 2619 866 2682 si
883 2617 1042 2701 fingamus
1064 2616 1151 2681 urbis
1174 2635 1277 2680 arcem
1290 2635 1365 2697 non,

245 2731 281 2790 ut
312 2729 400 2811 solet,
429 2730 462 2792 in
492 2731 595 2794 media
625 2730 726 2796 fuisse
755 2731 835 2796 urbe
866 2734 968 2814 sitam,
992 2731 1046 2795 sed
1070 2732 1104 2793 in
1129 2734 1272 2795 extrema
1294 2730 1364 2793 eius

246 2846 343 2926 parte,
365 2844 409 2906 ita
437 2848 474 2907 ut
497 2863 563 2907 una
586 2846 666 2909 arcis
685 2866 762 2929 pars
785 2846 891 2928 fuerit,
914 2857 996 2928 quae
1020 2864 1086 2908 non
1111 2844 1178 2908 suis
1198 2841 1366 2907 moenibus

247 2955 476 3039 defenderetur,
499 2959 555 3023 sed
577 2959 698 3043 iisdem,
722 2959 841 3044 quibus
865 2964 930 3024 tota
952 2957 1029 3022 urbs
1053 2959 1156 3022 cincta
1176 2961 1267 3021 esset.
1288 2954 1366 3020 Sen-

245 3071 378 3134 tentiam
402 3091 504 3136 meam
527 3072 698 3138 declarabit
720 3073 863 3139 subiecta
883 3073 1016 3138 tabula:
