3348 5262
870 611 934 674 266

339 799 455 862 dictam
492 815 570 860 esse.
604 795 764 859 Novimus
799 796 883 858 enim
915 793 1009 874 (Hell.
1034 795 1091 875 IV,
1119 796 1147 877 5,
1172 796 1202 876 3)
1233 815 1297 858 non
1330 796 1466 861 noluisse

338 911 527 996 Agesilaum
563 927 749 993 expugnare
784 906 982 990 Corinthum,
1017 909 1071 971 sed
1107 928 1172 972 νοοη
1204 909 1349 988 potuisse.
1379 908 1465 984 Quid

340 1025 425 1108 quod
446 1025 514 1107 ipse
535 1022 597 1086 sibi
616 1022 801 1105 obloquitur
819 1021 991 1085 laudator?
1009 1022 1084 1085 Alio
1104 1022 1188 1088 enim
1202 1022 1272 1085 leco
1285 1022 1338 1104 (Π,
1352 1024 1392 1086 18
1406 1024 1464 1106 sq.)

338 1137 404 1202 fere
430 1136 515 1200 idem
538 1141 655 1218 narrat,
679 1135 764 1219 quod
789 1140 820 1198 et
843 1133 928 1219 apud
952 1133 1198 1217 Xenophontem
1222 1134 1300 1215 (l.l.)'
1318 1136 1464 1218 legimus.

339 1250 423 1315 Satis
447 1253 496 1313 est
516 1249 595 1312 haec
614 1246 711 1311 verba
730 1248 860 1310 citasse:
883 1245 947 1309 ίδίον
966 1245 998 1309 δὲ
1017 1245 1072 1310 ὑπὸ
1092 1250 1207 1309 πολλῶν
1227 1245 1463 1326 Φνλαττίροενιν,

339 1364 377 1434 ὦς
407 1359 587 1438 ἐνδιδομένης
617 1365 671 1432 τῆς
698 1357 809 1428 πόλεως
832 1354 866 1432 ἐξ
887 1357 1003 1438 αρίστον
1027 1357 1373 1438 μετεστρατοπεδεύσατο
1395 1359 1464 1439 πρὸς

337 1474 371 1540 τδ
400 1473 487 1538 ίιστν·
518 1471 685 1550 ιιίσίίριενος
708 1471 738 1536 δὲ
763 1470 817 1535 ὑπὸ
840 1469 934 1534 νύκτα
958 1469 1179 1547 βεβοηθηκότας
1203 1472 1236 1535 ἐκ
1258 1476 1309 1536 τοῦ
1333 1471 1464 1552 Πειραίου

339 1588 379 1660 είς
397 1589 450 1660 την
470 1584 553 1649 πίλιν
573 1583 734 1665 πασσυδίᾳ,
755 1582 943 1663 ὑποστρέψας
959 1581 1028 1660 ίίμα
1039 1590 1075 1664 τῇ
1089 1582 1184 1665 ἡμέρα
1196 1584 1312 1664 αἱρεῖτί
1325 1584 1463 1665 Πείραιον.

384 1702 417 1765 F.
452 1701 540 1782 Quae
561 1720 583 1763 ο
605 1697 809 1777 Xenophonte
832 1697 870 1761 da
893 1696 966 1760 aliis
987 1701 1064 1760 ειιηί
1087 1702 1233 1780 marola,
1256 1719 1294 1761 οο
1317 1698 1467 1762 laudator

340 1814 523 1897 Apeszluum
544 1812 654 1892 fecisse
674 1810 774 1893 fingit.
1199 1813 1204 1825 “

384 1926 443 2008 ΙΠ,
475 1928 503 1989 3.
534 1920 728 2002 Σπιθριδάτης
760 1961 801 1970 -
832 1919 1007 2002 Ἀγησιλοίῳ
1038 1921 1141 1986 ἑαυτὸν
1171 1919 1222 1986 καί
1252 1919 1305 1992 την
1333 1929 1465 1999 γυναῖκα

340 2038 392 2105 καί
415 2038 456 2103 τοὶ
479 2037 568 2102 τέκνα
591 2034 642 2101 καί
665 2035 719 2109 τὴν
742 2034 866 2112 δύναμιν
888 2034 1049 2114 ἐνεχείρισε.
1074 2035 1161 2120 Ergo
1184 2036 1327 2121 Agesilai
1346 2038 1468 2100 virtute

339 2154 458 2218 factum
481 2152 629 2216 laudator
650 2155 768 2233 narret,
792 2153 827 2214 ut
850 2148 1060 2233 Spithridates
1080 2169 1098 2212 a
1117 2149 1205 2232 Rege
1224 2149 1381 2214 deiecerit.
1403 2149 1468 2214 Sed

341 2267 369 2330 si
403 2265 651 2349 Xenophontem
686 2265 854 2346 sequimur
887 2261 956 2344 (ΙΙΙ,
989 2264 1019 2344 4,
1056 2263 1108 2343 10)
1139 2281 1264 2326 omnem
1299 2263 1397 2326 huius
1419 2265 1469 2327 rei

341 2379 494 2442 honorem
526 2375 588 2441 sibi
620 2394 679 2440 suo
708 2377 779 2440 inre
809 2376 972 2438 vindicare
993 2379 1098 2458 potest
1120 2373 1301 2456 Lysander:
1327 2377 1355 2439 is
1378 2376 1468 2439 enim

340 2493 462 2575 primus
486 2491 525 2554 de
547 2491 664 2553 iniuria
689 2488 875 2572 Spithridati
900 2508 918 2551 a
940 2487 1027 2571 Rege
1049 2489 1136 2552 illata
1158 2488 1289 2570 audivit,
1310 2489 1405 2572 eique
1429 2493 1469 2554 ut

341 2625 376 2670 se
399 2623 521 2687 suaque
543 2605 651 2667 omnia
674 2601 837 2686 Spartanis
862 2603 1073 2666 committeret
1096 2603 1261 2685 persuasit.

385 2717 427 2788 ΙΙ,
459 2719 509 2779 24.
533 2716 683 2779 Vidimus
707 2715 905 2779 laudatorem
929 2716 967 2779 de
986 2715 1094 2794 priore
1115 2715 1338 2780 Thebanorum
1361 2718 1468 2801 irrup-

342 2833 428 2895 tione
459 2834 642 2893 narrantem
674 2848 711 2892 ea
735 2827 833 2892 verba
857 2847 898 2891 ex
921 2827 1097 2893 Helleniois
1120 2829 1323 2893 transtulisse
1346 2830 1467 2913 quibus

341 2942 523 3026 Xenophon
557 2943 591 3004 iu
613 2943 795 3004 narratione
820 2941 858 3004 de
880 2940 983 3004 altaro
1003 2942 1180 3024 irruptione
1204 2943 1314 3005 utitur.
1340 2942 1464 3006 Verum

340 3056 398 3120 illa
427 3056 597 3139 prudentia
626 3055 659 3116 in
688 3053 866 3135 statuendo,
892 3053 948 3117 nbi
971 3053 1127 3117 militibus
1152 3054 1220 3118 suis
1244 3055 1469 3138 pugnandum,

340 3168 396 3232 nbi
426 3168 593 3231 vitandum
620 3166 777 3250 proelium
802 3167 844 3230 sit
866 3186 886 3229 a
905 3165 1121 3249 Xenophonte
1143 3165 1384 3250 Epaminondae
1406 3168 1466 3231 tri·

341 3280 453 3344 buitur
475 3279 568 3361 (Hell.
592 3279 664 3362 VII,
690 3281 718 3361 5,
744 3280 806 3360 11).
831 3278 875 3342 Of.
900 3278 1051 3344 Sachsius
1075 3299 1103 3363 p.
1129 3281 1180 3342 24.

386 3392 442 3475 VI,
467 3393 495 3456 6.
517 3392 682 3458 Industria
704 3392 934 3476 vigilantiaque
958 3392 1100 3476 Agesilai
1124 3393 1174 3456 his
1202 3392 1306 3456 verbis
1330 3394 1468 3458 laudan-

341 3483 487 3572 turzaai
511 3504 568 3585 νοδρ
592 3503 700 3569 νυκτί
724 3502 794 3581 μὲν
818 3503 963 3584 ίσαπερ
986 3504 1111 3587 ἡμέρα
1133 3506 1296 3584 ἐχρῆτο,
1317 3505 1411 3588 ἡμέρα
1435 3507 1467 3572 δὲ

340 3618 448 3699 ὅσαπερ
479 3617 568 3689 νυκτί,
602 3615 747 3688 πολλοίκις
777 3615 886 3690 ίοδηλος
917 3617 1090 3696 γιγνόμενος
1113 3615 1183 3682 ὅπου
1205 3642 1239 3682 τε
1261 3615 1302 3690 είη
1327 3617 1380 3683 καί
1403 3615 1470 3684 ίποι

340 3734 373 3798 ίοι
404 3732 456 3797 καί
487 3730 510 3804 ί,
543 3756 571 3796 τι
599 3731 718 3806 ποιησαι.
743 3731 921 3816 Desumpta
945 3753 982 3798 ea
1003 3733 1102 3798 verba
1126 3738 1202 3798 sunt
1225 3753 1267 3798 cx
1289 3733 1469 3800 Helleniois

341 3846 408 3930 (VI,
441 3848 469 3929 1,
497 3847 532 3926 53
557 3847 594 3909 of.
619 3849 649 3928 4,
673 3846 712 3908 21
739 3848 829 3930 sqq),
854 3846 910 3910 ubi
933 3846 1061 3910 Iasonis
1084 3845 1220 3911 Pheraei
1241 3846 1352 3911 landes
1375 3866 1469 3929 prae·

341 3960 496 4024 dicantur.

386 4073 421 4137 G.
449 4073 515 4154 Qtao
537 4076 670 4152 ternpore
692 4071 810 4136 scribat
832 4071 1028 4136 obliviscitur.

386 4186 457 4268 VII,
490 4187 518 4250 6.
552 4234 567 4267 „
579 4185 642 4263 Qui
673 4206 759 4250 nunc
791 4191 839 4250 est
869 4185 940 4250 Rex
973 4185 1146 4250 Persarum
1178 4188 1359 4250 societatem
1391 4188 1471 4252 iun-

340 4299 387 4382 git
409 4318 482 4362 cum
507 4298 701 4364 Graecorum
725 4299 799 4381 illis,
823 4298 1018 4382 quibuscum
1043 4300 1184 4362 maxima
1207 4297 1356 4363 Graeciae
1380 4301 1469 4365 mala
