3348 5262
850 601 915 666 288

314 793 381 854 tere
414 787 520 852 conati
554 791 648 868 snnt3
685 787 736 852 bis
771 787 857 852 enim
892 786 1088 851 democratia
1120 787 1263 869 molesta,
1297 786 1345 850 illi
1368 805 1442 851 vero

317 903 408 968 utilis
437 907 512 968 erat.
544 902 663 986 Agitur
693 919 768 985 ergo
801 901 840 966 de
863 919 901 965 eo
924 905 1066 985 tempore
1089 920 1154 985 quo
1177 900 1351 985 parabatur
1373 902 1445 985 qui-

320 1016 393 1081 dem
423 1016 633 1080 democratiae
665 1015 831 1098 pernicies
855 1014 1000 1079 nondum
1031 1020 1139 1079 umen
1161 1013 1349 1079 labefactata
1371 1018 1445 1078 erat

320 1129 435 1212 Itaque
464 1128 602 1193 absurde
632 1127 696 1191 dici
726 1133 788 1198 τοῖς
819 1124 1016 1204 Ἀλκιβιάδου
1038 1127 1149 1208 ἐχθροῖς
1173 1125 1317 1207 ὑπάρχειν
1340 1127 1374 1190 ἐκ
1394 1129 1446 1190 τοῦ

320 1239 415 1318 δήμου
442 1239 576 1314 τοιούτοις
607 1240 700 1304 δοκεῖν
731 1234 803 1303 εἷνοιι
834 1236 955 1320 οἵοισπερ
988 1238 1119 1321 πρότερον
1153 1241 1357 1305 manifestum
1382 1245 1445 1305 est:

320 1363 447 1439 tempus
478 1355 574 1436 enim,
605 1354 692 1438 quod
723 1354 951 1418 democratiam
982 1358 1205 1437 antecesserat,
1228 1373 1336 1438 neque
1361 1354 1449 1417 Alci-

321 1467 431 1532 biades
461 1486 567 1552 neque
598 1467 773 1531 adversarii
805 1468 876 1531 eius
908 1467 1063 1532 viderant.
1095 1467 1169 1532 Non
1193 1487 1268 1552 ergo
1291 1469 1450 1532 assentior

321 1580 565 1644 Breitenbacbio
587 1583 658 1659 post
680 1576 812 1658 πρότερον
835 1579 983 1643 lacunam
1004 1582 1174 1644 statuenti:
1196 1582 1343 1664 suspicer
1363 1581 1450 1644 enim

323 1697 355 1758 et
383 1697 457 1758 ante
478 1693 563 1757 illud
585 1691 779 1756 vocabulum
802 1692 970 1775 excidisse,
994 1712 1076 1776 quae
1098 1713 1187 1757 nunc
1210 1693 1449 1776 desiderantur,

324 1810 356 1870 et
385 1805 566 1870 subiectum
596 1804 685 1870 verbi
714 1802 881 1868 οὶπολλύνοιι
913 1806 999 1888 (nam
1022 1804 1216 1878 δυνοιοοέντκς
1243 1805 1450 1891 „appositio”

325 1919 383 2000 est)
412 1919 589 1998 interiisse;
621 1922 792 2002 praeterea,
816 1938 919 2002 quum
942 1918 1019 1983 olim
1043 1921 1152 2000 πρῶτον
1178 1920 1346 2004 legeretur,
1368 1919 1450 1983 illud

324 2030 520 2096 vocabulum
542 2033 578 2094 in
600 2027 730 2112 πρότερον
750 2036 909 2096 mutatum
934 2050 1014 2114 esse,
1032 2036 1204 2116 postquam
1225 2032 1265 2112 τῷ
1289 2028 1453 2114 „fereper”

324 2145 469 2208 vicinum
499 2144 618 2209 factum
651 2149 743 2210 esset
777 2145 820 2209 Ut
850 2145 979 2210 tandem
1004 2165 1165 2211 summam
1188 2146 1285 2211 huius
1307 2146 1454 2230 dispute-

319 2259 422 2323 -tionis
454 2257 633 2336 conficiam,
662 2259 709 2322 sic
726 2258 804 2341 fere
834 2259 1001 2343 scripsisse
1026 2259 1273 2344 Xenophontem
1296 2259 1453 2322 coniicio:

325 2377 388 2444 τοῖς
423 2370 450 2435 δ’
486 2371 578 2435 κὺτοῦ
610 2371 724 2450 ἐχθροῖς
753 2369 887 2443 τοιούτοις
919 2371 1012 2436 δοκεῖν
1042 2365 1113 2435 εἷνοιι
1135 2368 1254 2451 οἵοισπερ
1278 2365 1374 2456 [sicca
1400 2368 1455 2434 κοοὶ

326 2483 376 2549 aa
397 2488 484 2549 τοῦτο
506 2487 615 2566 πρῶτον
639 2481 694 2561 μὲν
717 2483 826 2556 οιῦτοὺς
849 2483 1015 2558 κολοικείοιις
1038 2482 1091 2548 aa}
1111 2482 1206 2556 δόλοις
1226 2480 1385 2558 ἐξκπκτοῖν
1404 2483 1456 2548 τὸν

327 2597 431 2682 δῆμον]
455 2594 569 2678 ὕστερον
594 2597 625 2661 δὲ
648 2595 844 2670 δυνοισθέντοις
868 2597 928 2662 κτὲ.

371 2711 429 2795 IV,
453 2712 503 2775 19.
526 2711 718 2793 Alcibiades,
738 2713 929 2795 priusquam
951 2711 990 2776 de
1002 2714 1077 2776 navi
1090 2712 1305 2794 descenderet,
1316 2712 1457 2775 circum-

328 2825 481 2909 spiciebat
510 2825 700 2889 adessentne
730 2826 825 2888 amici
856 2825 923 2906 sui;
955 2823 1080 2888 κατιδὼν
1102 2823 1133 2887 δὲ
1156 2822 1381 2905 Εὐρυπτόλεμον
1404 2824 1456 2888 τὸν

327 2937 547 3010 Πεισιάνακτος,
571 2937 661 3001 κὺτοῦ
684 2936 715 3001 δὲ
738 2935 869 3016 ἀνεψιόν,
894 2935 946 3000 cal
970 2936 1037 3009 τοὺς
1059 2935 1169 3010 ἄλλους
1189 2935 1303 3010 οἰκείους
1323 2935 1375 3001 κοοὶ
1387 2935 1457 3007 τοὺς

328 3050 434 3131 φίλους
465 3051 534 3128 μετ’
565 3052 671 3125 abacia,
704 3048 771 3114 τότε
802 3048 924 3128 οὶποβοδς
950 3049 1103 3128 οένκβοοίνει
1127 3050 1167 3123 εἰς
1190 3049 1242 3123 τὴν
1266 3048 1351 3114 πόλιν
1374 3047 1459 3126 μετὰ

328 3167 385 3228 τῶν
420 3163 709 3244 παρεσκευασμένων,
741 3161 768 3227 οἵ
795 3187 840 3237 τις
870 3161 1002 3237 ἅπτοιτο,
1026 3163 1069 3240 μὴ
1093 3161 1261 3244 ἐπιτρέπειν.
1289 3163 1457 3240 Quesnam

329 3279 402 3342 illes
425 3277 526 3342 fuisse
548 3283 709 3362 putemus,
735 3279 792 3362 qui
811 3277 1012 3342 Alcibiadem
1031 3277 1200 3342 defendere
1218 3279 1320 3361 parati
1339 3279 1457 3343 erant?

329 3391 385 3454 An
410 3391 489 3455 alica
512 3396 637 3474 praeter
658 3392 741 3473 illos,
765 3392 821 3475 qui
845 3411 942 3475 supra
966 3391 1220 3456 enumerantur?
1244 3391 1319 3454 Non
1342 3392 1458 3475 opinor

331 3506 387 3570 sed
417 3506 504 3589 ipsos
527 3506 601 3570 illos
624 3505 800 3569 Alcibiadis
824 3506 944 3569 amicos
967 3504 1205 3589 familiaresque
1229 3505 1457 3589 intelligendos

330 3638 401 3683 esse
424 3637 547 3683 censeo.
570 3617 758 3701 Requiritur
781 3636 856 3702 ergo
879 3638 938 3702 pro
962 3615 1043 3695 μετὰ
1065 3621 1139 3682 τῶνε
1163 3618 1232 3694 μετ’
1252 3619 1357 3682 αὐτῶν.
1379 3617 1457 3683 Non

329 3737 439 3796 tamen
467 3733 585 3795 vitium
614 3730 691 3796 inde
720 3736 837 3814 repeto,
870 3731 957 3814 quod
987 3731 1137 3795 librarius
1161 3731 1318 3813 syllabam
1342 3731 1458 3797 calvel

330 3845 454 3909 literam
485 3867 501 3907 υ
529 3845 679 3927 omiserit,
702 3844 758 3909 sed
780 3849 884 3909 totum
909 3844 989 3908 illud
1013 3843 1083 3920 μετ’
1106 3844 1211 3918 οὔτῶν,
1234 3844 1458 3910 aberrantibus

330 3957 451 4022 librarii
475 3958 586 4041 oculis,
612 3958 720 4023 sedem
743 3963 884 4022 mutasse
907 3963 993 4041 puto.
1018 3957 1152 4022 Molesta
1171 3960 1256 4022 enim
1281 3960 1458 4025 etminime

331 4074 511 4137 necessaria
532 4077 581 4137 est
604 4072 776 4137 verborum
800 4071 928 4136 ubertas
952 4073 987 4135 in
1010 4072 1287 4155 praecedentibus:
1316 4069 1369 4136 κοιδ
1390 4071 1459 4146 τοὺς

332 4181 442 4256 ἄλλους
470 4183 584 4257 οἰκείους
611 4183 660 4248 aa)
683 4183 771 4257 τοὺς
793 4182 901 4266 Φίλους
924 4183 992 4262 μετ’
1017 4185 1121 4248 οὔτῶν.
1146 4184 1300 4269 Suspicor
1324 4205 1399 4270 erge
1422 4188 1459 4251 in

333 4302 459 4363 vetusto
482 4299 590 4383 aliquo
613 4300 722 4366 codice
744 4301 789 4364 ita
811 4301 964 4383 scriptum
987 4299 1106 4364 fuisse:
