3354 5268
760 594 802 659 63

223 783 295 848 Non
326 788 430 848 tamen
461 781 633 863 ε’φέστσσσν
666 787 852 866 corruptum
882 782 1017 865 videtur,
1041 783 1097 847 sed
1120 780 1223 858 πόλει,
1248 785 1341 848 ouius

224 900 313 962 vocis
343 898 562 961 tantummodo
592 898 701 960 literae
731 918 773 958 συ
803 915 932 960 manere
961 902 1106 980 possunt,
1128 897 1272 981 reliquae
1303 896 1342 962 ad

224 1012 371 1075 lacunam
395 1016 559 1094 utcunque
582 1010 770 1094 explendam
792 1030 904 1094 parum
925 1009 1060 1074 feliciter
1079 1031 1098 1074 a
1116 1007 1245 1075 librario
1267 1018 1344 1076 sunt

225 1127 429 1209 excogitatae.
454 1123 537 1200 Quid
562 1143 636 1208 ergo
659 1122 829 1208 legendum
856 1125 927 1188 est?
951 1123 1052 1204 πύργοι
1076 1131 1112 1190 ut
1132 1127 1252 1210 opinor.
1272 1126 1344 1190 Hoc

226 1240 311 1303 enim
341 1237 463 1302 faciunt
486 1240 542 1322 qui
565 1239 671 1301 locum
698 1239 823 1301 munire
848 1239 957 1320 velint,
981 1244 1017 1302 ut
1040 1240 1073 1302 in
1098 1239 1266 1304 moenibus
1288 1259 1344 1324 per

225 1351 393 1415 intervalla
426 1355 530 1416 turres
565 1351 739 1432 aedificent,
775 1371 856 1434 quae
885 1352 919 1414 in
953 1352 1071 1435 proelio
1103 1353 1288 1418 iaculatores
1303 1357 1345 1416 'et

227 1465 404 1548 sagittarios
439 1463 477 1527 ab
508 1464 662 1548 hostibus,
692 1471 836 1529 cessante
868 1465 988 1549 proelio
1020 1485 1130 1531 omnes
1162 1467 1279 1530 milites
1305 1466 1344 1530 ab

225 1576 382 1641 imbribus
405 1583 436 1641 et
458 1576 576 1661 frigore
599 1576 778 1641 defendant.

272 1689 303 1753 O.
337 1690 394 1773 IV,
430 1691 470 1752 15
505 1687 556 1754 καὶ
590 1687 682 1754 ἄλλον
713 1685 819 1763 οὗτινος
849 1689 885 1754 ἂν
917 1689 1017 1765 δέησθε
1040 1685 1107 1756 οἶδα
1130 1689 1172 1756 ὅτι
1195 1693 1232 1765 ὥς
1256 1691 1345 1774 <hinov

228 1805 371 1886 (codices,
407 1824 488 1888 quos
522 1803 651 1889 Hugius
688 1812 817 1869 secutus
853 1811 909 1889 est,
942 1804 1023 1886 φίλοι
1055 1805 1182 1889 habent)
1213 1803 1346 1880 τεύξεσθε

228 1917 326 2000 Κύρου.
351 1918 434 1983 Satis
456 1920 621 2003 pueriliter
643 1920 703 1982 hoc
727 1920 848 1983 dietum
868 1940 937 1986 esse
957 1921 1128 2005 apparebit,
1149 1923 1184 2005 si,
1203 1923 1347 2006 neglecta

227 2035 389 2118 paulisper
410 2035 566 2097 sententia
588 2034 728 2117 relativa,
747 2053 842 2118 quem
861 2035 966 2099 locum
980 2033 1072 2098 aaa
1087 2042 1228 2120 occupet,
1241 2035 1347 2101 obser-

228 2148 361 2212 vaveris.
397 2145 557 2231 Equidem
590 2147 636 2210 sio
663 2145 907 2229 Xenophontem
941 2148 1079 2212 seribere
1109 2151 1251 2233 potuisse
1281 2169 1347 2213 non

229 2264 330 2344 crede,
361 2282 461 2346 quum
495 2263 682 2345 praesertim
714 2263 846 2346 vestigia
878 2263 957 2325 mihi
988 2282 1154 2346 superesse
1176 2264 1347 2327 videantur

229 2382 406 2441 structurae
440 2376 616 2458 cuiusdam,
649 2395 731 2459 quae
762 2383 793 2439 et
824 2376 1059 2460 elegantissima
1086 2383 1142 2459 est,
1166 2382 1197 2440 et
1220 2378 1347 2460 saepius

230 2491 453 2574 corrumpitur,
488 2510 582 2573 quam
618 2491 742 2574 integra
774 2508 791 2552 e
821 2489 969 2554 manibus
997 2489 1202 2554 librariorum
1234 2490 1349 2574 evadit,

230 2609 261 2668 et
290 2605 342 2668 hic
367 2604 476 2668 saltem
501 2603 650 2668 facillime
673 2605 800 2668 restitui
823 2609 935 2688 potest.
959 2603 1144 2688 Legendum
1169 2606 1255 2670 enim
1278 2624 1348 2670 esse

229 2723 323 2802 puto:
347 2718 399 2780 aa>
423 2711 528 2788 οὗτινος
547 2715 583 2780 ἂν
603 2714 695 2780 ἄλλον
716 2715 824 2788 δέησθε,
847 2710 914 2780 olda
933 2715 975 2779 ὅτι
994 2717 1083 2797 Φίλαν
1095 2715 1228 2792 τεύξεσθε
1240 2717 1346 2798 Κύρους

230 2836 262 2895 et
293 2850 518 2915 quamcunque
552 2830 646 2893 aliam
677 2850 745 2894 rem
778 2830 977 2914 exoptabilis
1008 2838 1057 2895 sat
1084 2834 1149 2895 scio
1181 2851 1238 2896 vos
1264 2831 1347 2913 Cyro

231 2947 331 3008 amico
366 2947 480 3008 usuros
512 2963 598 3023 esse,
626 2944 660 3007 id
690 2949 753 3008 est:
779 2949 827 3007 sat
850 2945 915 3008 scio
940 2943 1058 3026 Cyrum
1083 2964 1153 3008 eam
1176 2944 1267 3008 vobis
1291 2965 1348 3029 pro

232 3079 291 3122 sua
314 3077 388 3142 erga
410 3078 468 3122 vos
492 3058 632 3121 amic-itia
654 3057 873 3141 praebiturum
898 3077 976 3122 esse.

277 3171 309 3235 C.
339 3171 396 3254 IV,
430 3174 478 3235 18.
507 3170 611 3252 Cyrus
640 3172 746 3255 copias
771 3171 850 3234 vado
875 3171 1070 3256 Euphratem
1096 3172 1240 3236 traducit.
1263 3172 1349 3236 Ante

232 3306 306 3351 eum
336 3287 496 3349 neminem
528 3285 560 3347 id
590 3284 693 3348 facere
720 3286 861 3370 potuisse
893 3291 1025 3349 narrant
1047 3286 1178 3349 incolae.
1202 3284 1290 3348 εθθκει
1315 3283 1350 3357 δὴ

233 3400 303 3463 θεῖον
335 3392 404 3462 εἶναι
435 3396 483 3462 real
514 3401 620 3477 σσφῶς
653 3397 839 3476 inexoptatae
869 3397 917 3461 τὸν
941 3398 1075 3475 ποταμὸν
1100 3395 1179 3477 Κύρῳ
1202 3399 1239 3470 ὥς
1262 3396 1352 3474 βοισσ-

232 3511 370 3576 λεθσσνσσ.
406 3511 515 3576 Minus
549 3516 634 3576 recte
669 3511 855 3575 adverbium
891 3514 997 3591 σαφῶς
1032 3511 1127 3575 verbo
1163 3510 1351 3591 ὑποχωρῆσαι

234 3627 369 3707 additur,
401 3626 486 3709 quod
517 3645 590 3689 cum
623 3625 832 3709 sequentibus
863 3631 1025 3710 tamquam
1058 3627 1349 3709 interpretationem

235 3742 350 3803 ominis
375 3741 526 3803 continet.
551 3737 651 3803 Credo
675 3741 774 3824 igitur
793 3737 844 3803 aab
866 3745 897 3804 et
908 3743 1014 3818 σαφῶς
1027 3737 1261 3822 transponenda
1273 3756 1352 3821 esse,

234 3857 271 3916 ut
292 3853 370 3916 haec
393 3853 505 3918 evadat
528 3854 704 3916 sententia:
734 3872 825 3934 ,non
851 3851 1038 3916 dubitabant
1061 3852 1206 3916 homines
1227 3852 1305 3934 quin
1317 3851 1352 3914 in

236 3987 273 4032 ea
294 3987 328 4031 re
352 3986 444 4031 omen
466 3969 601 4032 inesset:
627 3969 761 4031 cessisse
784 3968 869 4030 enim
891 3966 1011 4031 flumen
1038 3965 1130 4049 Cyre,
1149 3972 1184 4031 ut
1205 3967 1261 4050 qui
1280 3965 1353 4030 Rex

234 4081 365 4145 futurus
389 4079 500 4146 esset.”

282 4193 314 4257 Ο.
339 4193 378 4278 V,
402 4194 420 4256 6
452 4194 469 4265 ti
496 4193 528 4257 δὲ
550 4192 656 4268 καπίθη
681 4191 729 4257 δύο
751 4191 883 4272 χοίνικας
907 4190 1050 4264 'Arciade
1072 4191 1185 4272 ἐχώρεε·
1206 4192 1352 4258 Pondere

237 4315 269 4375 et
298 4327 467 4373 mensurae
490 4327 614 4394 semper
637 4308 747 4372 eadem
770 4312 856 4391 sunt,
879 4325 983 4392 neque
1007 4307 1109 4384 eredo,
1131 4307 1351 4374 tantummodo
