3354 5268
913 625 953 691 36

372 813 521 876 novimus
544 831 654 876 omnes
678 815 835 895 quotquot
854 812 904 876 vel
922 811 1087 893 librorum,
1108 813 1164 896 qui
1184 812 1224 876 ad
1238 831 1307 877 eam
1321 815 1491 899 pertinent,

373 926 449 990 folia
481 927 677 1010 aspeximus
711 926 888 989 loculorum
925 928 959 988 in
994 926 1125 990 modum
1161 925 1263 990 divisa
1294 933 1325 991 et
1348 929 1490 992 numeris

375 1039 501 1123 repleta,
544 1039 595 1103 vel
637 1039 838 1104 decantatum
879 1040 1061 1104 audivimus
1095 1039 1300 1124 proverbium
1338 1046 1492 1122 ,numeri

374 1153 583 1237 loquuntur'’.
606 1154 714 1236 Atque
737 1154 962 1237 microscopica
986 1155 1116 1238 quidem
1139 1157 1219 1218 ratio
1243 1176 1317 1221 curn
1338 1159 1494 1221 stetistica

376 1268 560 1350 saepissime
593 1269 626 1330 in
660 1287 762 1331 unum
792 1267 956 1332 coalescit:
983 1269 1215 1333 minutissimas
1238 1271 1323 1333 enim
1347 1291 1493 1354 quasque

375 1401 425 1446 res
446 1401 571 1445 summa
584 1381 745 1465 diligentia
757 1383 953 1465 conquirere,
966 1382 1120 1464 ordinare,
1132 1385 1166 1446 in
1178 1403 1295 1467 genera
1306 1386 1493 1468 speciesque

376 1495 576 1576 distribuere,
608 1515 643 1559 ea
676 1496 805 1559 demum
838 1515 914 1560 vera
942 1498 1096 1580 sapientia
1118 1503 1256 1580 putatur.
1280 1498 1491 1583 Philologiam

377 1615 483 1672 autem
519 1606 682 1690 „efficaci”
713 1609 760 1672 illi
794 1608 989 1689 „scientiae”
1013 1609 1160 1675 lubenter
1184 1631 1298 1676 manns
1321 1613 1403 1695 darc,
1427 1633 1493 1677 non

376 1728 424 1787 est
458 1723 543 1806 quod
579 1724 745 1786 miremur:
787 1742 869 1806 quae
904 1724 988 1787 enim
1024 1743 1191 1807 nunqnam
1224 1725 1425 1790 indoctorum
1461 1732 1493 1790 et

378 1837 623 1901 semidoctorum
659 1838 777 1900 curarit
808 1837 989 1919 cachinnos,
1018 1837 1051 1900 rb
1081 1860 1132 1914 μιν
1161 1837 1211 1910 ἠδὲ
1234 1836 1268 1901 τό
1290 1861 1329 1900 ara
1353 1845 1494 1904 oontem-

377 1947 530 2033 nentium,
562 1950 733 2014 dummodo
763 1953 986 2035 grammaticae
1014 1952 1100 2035 leges
1123 1958 1224 2016 certas
1248 1959 1278 2017 et
1300 1952 1408 2017 firmas
1431 1959 1494 2017 sta-

377 2071 489 2148 tueret,
523 2070 554 2129 et
587 2066 622 2128 in
654 2067 737 2129 veris
768 2065 957 2129 lectionibus
988 2065 1177 2149 indagandis
1198 2067 1362 2130 literarum
1387 2069 1492 2151 apices

377 2180 613 2242 accuratissime
648 2178 831 2260 observarit,
865 2198 935 2242 eam
965 2178 1004 2242 ab
1036 2179 1153 2242 usitata
1184 2181 1236 2243 via
1266 2199 1330 2244 non
1353 2181 1491 2244 multum

378 2311 459 2376 opus
491 2298 557 2356 erat
588 2291 762 2372 deflectere,
792 2298 829 2356 ut
860 2312 934 2355 cum
958 2294 1069 2356 ceteris
1092 2293 1267 2376 disciplinis
1291 2314 1356 2357 una
1378 2293 1491 2358 ambu-

378 2405 472 2485 laret,
509 2411 540 2469 et
574 2425 767 2488 quamquam
799 2407 906 2489 negari
929 2426 994 2468 non
1018 2411 1128 2489 potest,
1151 2406 1268 2470 multos
1293 2426 1385 2491 saepe
1410 2428 1492 2472 nova

378 2523 500 2583 ratione
534 2518 709 2583 absurdum
741 2521 773 2582 in
809 2519 940 2582 modum
973 2538 1042 2583 essa
1074 2519 1199 2602 abusos,
1229 2539 1334 2604 neque
1362 2541 1492 2604 prorsus

380 2633 584 2696 concedimus
614 2651 724 2696 revera
755 2651 904 2696 numeros
926 2633 1015 2716 loqui
1039 2671 1080 2678 -
1104 2636 1186 2697 muti
1208 2635 1294 2698 enim
1318 2653 1410 2718 saepe
1434 2655 1491 2698 nu-

379 2747 459 2810 meri
493 2751 523 2810 et
554 2752 630 2810 sunt
661 2750 692 2809 et
723 2765 792 2810 esse
816 2745 939 2829 debent,
962 2765 1067 2830 neque
1091 2767 1234 2831 unquam
1257 2767 1310 2812 eos
1334 2749 1492 2831 patiemur

380 2861 471 2924 nobis
507 2861 682 2944 quidquam
718 2860 918 2944 persuadere,
954 2861 1038 2944 quod
1068 2881 1133 2925 non
1165 2867 1276 2945 suapte
1306 2867 1421 2926 natura
1452 2864 1492 2925 sit

376 2975 542 3059 probabile
584 3013 625 3021 —
667 2982 783 3057 tamen,
819 2976 970 3058 quoniam
1004 2975 1036 3037 rb
1069 2973 1242 3053 ζητούμενον
1276 2974 1388 3039 ἁλωτόν
1424 2995 1493 3040 esse

379 3090 502 3173 experti
541 3091 699 3172 novimus,
734 3109 798 3152 non
838 3087 1055 3170 infitiabimur,
1089 3108 1322 3172 nonnunquam
1358 3094 1389 3153 et
1422 3089 1493 3152 illos

379 3203 565 3286 philologos,
595 3203 652 3286 qui
682 3222 778 3266 usum
810 3203 1053 3286 grammaticum
1081 3203 1286 3285 numerando,
1309 3202 1494 3285 ordinando,

380 3316 550 3400 digerendo
574 3317 731 3399 explicare
754 3318 859 3379 conati
882 3317 954 3398 sint,
977 3315 1099 3399 aliquid
1121 3318 1296 3399 repperisse
1321 3316 1406 3400 quod
1428 3321 1494 3380 stu·

380 3429 441 3493 diis
463 3431 580 3494 nostris
603 3429 688 3492 haud
712 3428 825 3491 inutile
848 3428 961 3508 fuerit;
982 3430 1075 3492 cuius
1094 3429 1311 3510 inventi,licet
1324 3430 1491 3493 credamus

382 3562 446 3606 non
477 3561 602 3627 semper
632 3562 712 3626 opus
733 3541 833 3606 fuisse
855 3541 980 3606 infinito
1003 3541 1121 3624 labore,
1145 3561 1238 3626 quem
1262 3543 1309 3607 illi
1331 3542 1493 3626 impende·

380 3656 452 3738 rint,
485 3655 540 3719 sed
574 3655 677 3719 tribus
710 3661 887 3738 quatuorve
913 3656 993 3720 locis
1016 3657 1156 3720 classicis
1179 3657 1353 3740 prudenter
1375 3658 1494 3739 alsatie,

306 3794 308 3798 ·
382 3786 474 3852 saepe
508 3768 594 3831 haud
626 3769 733 3832 minus
761 3767 842 3832 bene
874 3767 958 3832 idem
981 3769 1189 3833 demonstrari
1211 3771 1363 3854 potuisse,
1387 3776 1493 3834 tamen

381 3882 524 3945 meritam
547 3882 675 3946 laudem
697 3883 738 3945 iis
762 3883 894 3946 minime
918 3882 1152 3966 denegabimus.

425 3994 463 4058 ln
487 3996 643 4060 eiusmodi
665 4001 772 4060 autem
797 3997 936 4061 inventis
960 3996 1046 4059 haud
1067 3997 1162 4062 dubie
1182 3999 1369 4081 primarium
1388 3999 1495 4062 locum

381 4107 501 4172 obtinet
523 4110 556 4173 id
576 4110 662 4193 quod
685 4109 827 4192 Tyohoni
850 4110 1048 4176 Mommseno
1072 4112 1243 4177 debemus:
1267 4115 1295 4176 is
1320 4115 1405 4177 enim
1426 4114 1495 4178 feli·

381 4222 507 4285 cissime
549 4222 737 4305 observavit,
772 4223 885 4287 deinde
918 4224 1096 4287 incredibili
1129 4225 1235 4290 labore
1272 4231 1303 4290 et
1336 4226 1495 4290 industria

381 4337 500 4419 statuit,
523 4343 680 4420 postremo
702 4339 738 4400 in
759 4340 1000 4422 programmatis
1020 4340 1184 4404 nonnullis
1205 4340 1375 4422 Gymnasii
1394 4339 1497 4406 Fran·
