3352 5260
870 557 933 621 136

479 747 637 821 admonet,
667 752 704 811 ut
734 747 924 822 meminerit,
956 750 1112 830 quantum
1142 745 1190 808 illi
1212 743 1341 811 debeat:
1369 766 1470 828 „nam

480 861 566 927 nisi”
596 861 693 941 (hunc
725 863 811 925 enim
833 859 931 924 finem
954 858 1048 924 habet
1070 858 1125 922 illa
1149 858 1334 940 admonitio)
1359 861 1467 944 „grati

479 977 515 1039 in
545 979 692 1059 parentes
722 979 796 1038 tuos
826 973 927 1037 animi
949 971 1073 1037 dederis
1097 972 1296 1055 documenta,
1319 991 1413 1040 nemo
1437 978 1468 1037 te

479 1087 577 1152 emico
599 1088 648 1151 uti
670 1085 784 1151 volet’'.

526 1199 558 1264 0.
581 1199 640 1264 ΙΠ.
672 1199 910 1265 Ohaerecratem
932 1217 1007 1263 cnm
1031 1198 1129 1263 fratre
1153 1199 1301 1264 conciliat
1322 1198 1467 1264 Socrates

482 1314 632 1380 dicendo:
669 1318 730 1394 „tn
753 1312 846 1376 fratri
868 1317 924 1376 tuo
949 1312 1095 1396 exemplo
1121 1331 1200 1394 ease,
1221 1318 1258 1376 tu
1282 1331 1357 1380 eum
1380 1313 1467 1378 bene

478 1427 560 1508 ficiis
588 1425 742 1492 decime
768 1444 899 1491 conare:
924 1426 969 1490 ita
990 1425 1120 1489 nullum
1141 1424 1237 1490 fratre
1259 1428 1468 1510 praestantio-

480 1559 549 1606 rem
573 1538 703 1604 habebis
726 1539 871 1602 amioum.
1236 1539 1240 1545 ’
1295 1533 1298 1538 ’

526 1652 559 1717 0.
580 1653 637 1716 IV.
661 1650 751 1728 Quae
773 1653 815 1717 sit
837 1651 1008 1716 amicorum
1030 1652 1150 1717 utilitas
1178 1653 1423 1718 demonstratur.

526 1764 558 1829 0.
581 1764 621 1829 V.
644 1763 693 1829 De
715 1763 885 1829 amicorum
907 1766 1008 1848 pretio
1032 1764 1207 1830 disseritur.

526 1878 644 1963 Capitis
665 1878 714 1943 VI
737 1883 962 1963 argumentum
983 1880 1030 1942 ita
1051 1878 1210 1943 decurrit:
1231 1879 1271 1942 A.
1291 1877 1469 1955 Quomodo

481 1992 576 2056 amin
597 1997 674 2056 sunt
696 1991 926 2056 examinandi?
950 1990 986 2055 B.
1009 1990 1033 2055 oi
1055 1988 1296 2068 δεδοκιμασμένοι
1316 1991 1470 2074 beneficiis

482 2104 675 2169 manendi
697 2108 781 2169 sunt.
802 2103 834 2167 Ο.
853 2103 900 2167 nil
920 2109 984 2167 tam
1004 2122 1102 2188 grave
1121 2108 1152 2168 et
1172 2103 1300 2168 difficile
1312 2112 1369 2181 est,
1382 2105 1468 2189 qnod

481 2237 547 2283 non
576 2220 685 2283 vincet
714 2216 861 2281 umentia.
885 2214 924 2279 Ι).
947 2216 982 2281 Si
1003 2216 1063 2280 tibi
1085 2235 1276 2301 persuasum
1300 2216 1399 2284 habes
1422 2217 1469 2280 nil

481 2336 641 2415 praestare
665 2332 830 2414 amicitiae,
852 2329 1002 2415 equidem
1024 2329 1085 2394 tibi
1103 2349 1315 2414 quoscunque
1328 2331 1468 2395 volueris

482 2444 602 2508 amicos
623 2444 763 2509 reddam.
785 2445 900 2508 Totum
923 2447 1020 2527 eaput
1043 2442 1091 2507 VI
1114 2463 1215 2528 quum
1235 2445 1278 2507 sit
1296 2445 1469 2528 egregium,

481 2561 589 2620 tamen
622 2557 737 2621 ultima
770 2575 843 2640 pars
875 2554 935 2638 (D.)
966 2557 1079 2620 ceteris
1102 2555 1196 2620 facile
1218 2556 1357 2641 palmam
1379 2575 1470 2642 pree

483 2669 565 2753 ripit.
595 2668 775 2734 Exordium
806 2688 881 2734 vero
907 2665 1016 2753 (ἐδόκει
1038 2666 1069 2733 δὲ
1094 2706 1136 2716 -
1160 2673 1286 2732 τοιαῦτα
1309 2667 1423 2754 λέγων)
1452 2691 1471 2734 a

482 2781 695 2866 Xenophonte
717 2784 871 2866 scriptum
894 2801 961 2846 non
982 2789 1040 2866 ast,
1064 2801 1166 2866 quum
1188 2783 1319 2846 nonnisi
1342 2783 1383 2848 ad
1405 2785 1470 2868 pri-

482 2915 566 2960 mam
590 2901 713 2980 partem
734 2896 898 2980 pertineat

527 3008 561 3073 Si
590 3011 694 3092 capita
716 3009 764 3072 IV
787 3015 818 3074 et
840 3009 871 3072 V
893 3030 912 3073 a
934 3009 1148 3093 Xenophonte
1172 3011 1289 3094 scripta
1312 3028 1381 3078 esse
1404 3028 1470 3074 cre

484 3121 600 3204 dimna,
622 3140 658 3186 ea
680 3141 753 3205 pars
776 3122 815 3186 de
839 3141 903 3206 qua
921 3122 1091 3206 hucusque
1111 3122 1272 3205 disputavi
1284 3123 1320 3204 (e.
1332 3122 1473 3205 H-VI)

482 3234 567 3317 quod
603 3239 829 3319 argumentum
862 3234 978 3300 habeat
1006 3237 1213 3320 perspicuum
1236 3241 1301 3301 est:
1325 3235 1360 3307 Si
1383 3237 1471 3300 enim

480 3347 563 3411 liber
582 3348 754 3431 singularis
772 3354 865 3432 esset,
881 3351 1067 3413 conveniret
1078 3351 1107 3412 ei
1119 3349 1234 3413 titulus
1249 3397 1265 3430 „
1275 3350 1314 3413 de
1326 3349 1484 3430 amicis'’‚-

481 3461 516 3523 in
550 3479 653 3544 eoque
684 3459 766 3525 libro
802 3463 882 3545 quin
917 3466 1014 3546 caput
1042 3461 1091 3525 VI
1120 3463 1191 3526 iure
1214 3463 1354 3546 positum
1378 3467 1472 3544 esset,

481 3590 584 3654 neme,
615 3577 652 3636 ut
686 3575 806 3656 opinor,
837 3572 1004 3638 dubitabit
1034 3573 1153 3638 Eiectis
1185 3580 1291 3639 tamen
1313 3572 1472 3657 capitibus

479 3684 527 3749 IV
558 3691 590 3749 et
619 3685 658 3768 V,
681 3685 796 3750 melina
828 3688 925 3751 etiam
948 3704 1023 3751 cum
1047 3706 1073 3750 c.
1096 3686 1146 3750 111
1170 3686 1351 3754 cohaerebit
1374 3706 1473 3780 quam

481 3819 555 3863 eum
579 3819 624 3882 ee,
648 3800 734 3883 quod
756 3819 845 3863 nunc
868 3800 1044 3882 praecedit:
1068 3805 1137 3864 tum
1164 3801 1249 3863 enim
1274 3799 1389 3864 haecce
1411 3801 1473 3864 erit

483 3912 708 3997 disputationis
732 3913 846 3976 series:
872 3915 900 3977 si
922 3911 1019 3978 fratre
1038 3918 1093 3977 tuo
1113 3912 1217 3978 aliove
1228 3913 1357 3977 homine
1368 3913 1472 3977 amico

483 4027 531 4090 uti
564 4027 623 4108 vis,
655 4027 729 4109 quis
760 4027 804 4090 sis
835 4027 903 4109 ipse
934 4026 1100 4090 considera
1130 4031 1162 4090 et
1184 4027 1297 4110 quenti
1320 4026 1373 4090 sis.
1396 4024 1473 4090 Noli

482 4137 521 4202 ab
544 4138 606 4202 alio
628 4136 781 4202 beneficia
804 4143 997 4223 exspectare,
1014 4141 1103 4224 prior
1121 4140 1189 4224 ipse
1210 4139 1383 4204 voluntatis
1395 4143 1471 4204 tuae

484 4251 525 4319 da
546 4251 774 4318 documentum
797 4269 823 4316 a.
837 4272 865 4341 q.
877 4271 901 4318 a
