3354 5268
924 637 964 697 38

378 825 521 901 conatus,
555 822 583 884 si
618 821 690 903 quis
725 821 817 884 etiam
853 821 986 904 ignorat,
1017 819 1119 884 tribus
1150 818 1256 883 verbis
1287 819 1350 883 dici
1374 823 1494 903 potest:

382 984 397 1017 „
408 935 565 1019 particula
588 932 647 1010 μήν
669 936 704 996 in
723 933 946 1017 antiquissima
964 952 1059 1017 prosa
1070 935 1176 997 Attica
1189 953 1348 1017 nusquam
1360 933 1495 1017 legitur:

379 1050 456 1113 satis
480 1066 550 1112 sero
575 1067 611 1111 ea
635 1047 730 1111 scribi
753 1053 862 1130 coepta
886 1053 943 1127 est,
966 1048 1034 1111 sive
1058 1047 1132 1120 sola,
1157 1049 1225 1112 sive
1245 1067 1318 1110 cum
1342 1046 1403 1111 alia
1426 1068 1497 1130 par-

378 1162 478 1226 ticula
505 1163 630 1240 iuncta3
655 1162 894 1224 recentissimus
918 1179 992 1224 vero
1016 1162 1085 1224 eius
1108 1180 1191 1224 usus
1215 1161 1265 1224 hic
1289 1167 1346 1242 est,
1369 1167 1405 1225 ut
1426 1161 1498 1245 par·

380 1275 496 1339 ticulae
529 1272 588 1350 μήν
619 1275 774 1357 particula
805 1296 841 1349 γε
872 1278 1090 1356 anteponatur.
1122 1272 1315 1357 Magnopere
1337 1279 1369 1338 et
1392 1294 1442 1338 res
1466 1281 1498 1339 et

379 1394 490 1453 auctor
519 1388 695 1471 philologos
720 1389 835 1450 movit:
860 1392 931 1470 post
954 1385 1187 1470 Dittenbergeri
1211 1389 1296 1451 enim
1320 1389 1353 1451 in
1378 1388 1498 1452 Hermo

380 1502 450 1582 (vol.
482 1500 573 1581 XIV)
605 1501 852 1584 disputationem
884 1519 977 1564 nemo
1001 1500 1040 1564 de
1063 1500 1162 1564 ullius
1184 1500 1257 1564 libri
1281 1507 1421 1584 tompore
1446 1501 1497 1565 vel

380 1618 532 1699 scriptore
564 1616 705 1679 iudicare
740 1635 839 1679 ausus
874 1621 930 1693 est,
966 1617 1045 1698 quin
1076 1616 1250 1698 particulae
1281 1614 1340 1691 μήν
1364 1635 1496 1679 censum

379 1734 493 1812 ageret.
517 1727 597 1790 Mihi
621 1747 748 1811 quoque
773 1749 871 1812 quum
894 1729 1075 1812 tetraloglas
1095 1728 1134 1792 ab
1155 1729 1352 1813 Antiphonte
1365 1731 1498 1813 scriptas

380 1861 449 1906 esse
474 1841 670 1905 defenderem
698 1843 816 1923 (studia
837 1843 1054 1926 Antiphontea
1073 1863 1102 1926 p.
1125 1844 1186 1924 38),
1206 1861 1272 1906 non
1285 1842 1497 1906 minusdubi-

380 1958 531 2021 tationem
563 1958 662 2019 movit
690 1977 775 2020 unus
798 1957 889 2020 locus
914 1958 970 2040 qui
993 1956 1057 2019 οὐδὲ
1081 1955 1140 2030 μήν
1164 1956 1266 2037 habet,
1290 1977 1385 2040 quam
1409 1976 1498 2040 prae·

380 2073 494 2154 positio
529 2068 589 2151 σύν,
625 2091 688 2153 qua
719 2071 753 2133 in
791 2071 902 2134 ceteris
934 2069 1132 2134 orationibus
1163 2070 1327 2154 Antiphon
1351 2069 1497 2152 abstinet,

356 2212 360 2222 =
380 2184 429 2248 bis
451 2185 485 2246 in
510 2183 683 2266 tetralogiis
706 2183 795 2246 lecta.

425 2295 496 2372 Quo
520 2303 625 2360 autem
650 2301 838 2379 argumento
859 2294 1122 2379 Dittenbergerus
1143 2316 1221 2361 usus
1242 2305 1289 2360 est
1302 2297 1343 2360 ad
1356 2303 1496 2362 statuen-

382 2411 467 2486 dum,
491 2429 554 2492 quo
579 2410 689 2473 ordine
712 2409 854 2472 Platonis
875 2409 993 2492 dialogi
1014 2411 1122 2493 scripti
1142 2411 1353 2490 essent,idem
1372 2413 1405 2474 in
1418 2416 1496 2475 tem·

381 2542 457 2606 pore
473 2522 626 2585 librorum
641 2521 947 2604 Xenophonteorum
960 2522 1138 2586 definiendo
1151 2522 1295 2587 adhibuit
1306 2523 1497 2606 Roquettius

380 2638 415 2699 in
440 2637 566 2719 egregia
590 2636 810 2699 dissertatione
835 2635 873 2698 dc
896 2634 1118 2718 Xenophontis
1140 2637 1212 2699 vita.
1232 2635 1303 2718 Sed,
1323 2637 1409 2720 quod
1430 2636 1498 2701 Dit-

381 2751 586 2835 tenbergerus
620 2751 840 2814 tantummodo
871 2752 1026 2834 attigerat,
1057 2751 1089 2814 id
1114 2749 1306 2834 Roquettius
1329 2749 1497 2835 perfecisse

382 2866 536 2930 dicendus
571 2870 626 2929 est.
662 2863 736 2927 Non
768 2865 853 2928 enim
885 2864 989 2927 solum
1019 2884 1129 2928 omnes
1151 2863 1247 2937 locos,
1271 2863 1390 2947 quibus
1414 2863 1498 2947 apud

382 2979 628 3062 Xenophontem
659 2978 817 3062 particula
848 2976 907 3054 pla
930 2978 1048 3061 legitur
1071 2979 1259 3059 numeravit,
1283 2995 1497 3061 numerosque

383 3112 459 3156 suos
485 3094 529 3155 ita
551 3093 725 3176 legentium
750 3092 850 3155 oculis
874 3091 1020 3172 subiecit,
1042 3097 1078 3154 ut
1103 3091 1199 3155 simul
1222 3097 1396 3174 appareret,
1421 3109 1498 3174 quo-

383 3207 442 3268 ties
466 3228 502 3282 ys
525 3204 592 3288 μήν,
616 3208 740 3289 quoties
764 3202 940 3280 ἆλλὰμήν,
965 3201 1016 3266 καὶ
1041 3203 1110 3281 μήν,
1131 3205 1162 3268 οὐ
1181 3202 1250 3280 μήν,
1271 3197 1289 3276 ἦ
1308 3202 1367 3280 μήν
1387 3205 1421 3266 in
1434 3204 1497 3267 sin·

382 3319 468 3403 gulis
492 3320 616 3403 scriptis
639 3321 846 3400 inveniretur,
865 3318 921 3382 sed
941 3338 977 3382 ea
995 3320 1065 3400 viri,
1085 3319 1124 3383 de
1143 3319 1242 3383 literis
1254 3319 1369 3382 nostris
1382 3319 1498 3401 optime

385 3433 497 3514 meriti,
528 3431 590 3496 fuit
620 3432 788 3512 industria,
822 3437 856 3495 ut
886 3438 917 3495 et
941 3451 1051 3496 omnes
1075 3433 1151 3496 alias
1175 3432 1355 3516 particulaS,
1379 3431 1516 3514 quibus¹

383 3545 563 3629 Xenophon
595 3565 674 3609 usus
705 3550 762 3627 est,
794 3545 1005 3628 conquireret,
1035 3546 1068 3607 in
1100 3568 1136 3621 γε
1159 3551 1190 3609 et
1212 3542 1244 3607 δέ
1266 3550 1391 3608 tantum
1414 3545 1498 3607 intra

384 3661 573 3743 scriptorum
599 3658 758 3721 minorum
781 3657 898 3721 limites
918 3658 1112 3722 subsisterat.
1133 3656 1271 3723 Tabulae
1290 3661 1405 3739 autem,
1418 3677 1497 3741 quas

383 3774 427 3838 ita
449 3771 641 3856 Roquettius
665 3773 852 3854 composuit,
874 3773 1059 3855 praesertim
1084 3790 1129 3852 ea,
1149 3790 1231 3854 quae
1250 3771 1290 3834 ad
1311 3771 1496 3854 particulam

384 3883 444 3963 pla
466 3887 609 3969 pertinet,
632 3904 697 3948 non
720 3890 856 3968 possunt
879 3905 943 3948 non
964 3887 1098 3948 maximi
1118 3885 1218 3948 videri
1238 3885 1407 3948 momenti:
1428 3903 1497 3968 per-

384 3999 485 4062 multa
508 3999 591 4062 enim
615 3999 648 4060 in
673 4016 710 4061 ea
732 3996 805 4061 licet
828 3997 1004 4079 observare,
1024 4017 1105 4080 quae
1124 3998 1211 4061 haud
1231 3997 1327 4062 dubie
1340 3997 1498 4061 scribendi

384 4113 538 4174 rationem
562 4131 581 4174 a
602 4110 825 4204 Xenophonte,
839 4111 957 4174 sensim
980 4112 1179 4175 immutatam
1205 4112 1346 4174 indicare
1369 4111 1498 4175 videan-

387 4231 447 4288 tur.
478 4224 529 4288 Ab
561 4243 625 4288 uno
656 4225 740 4288 enim
772 4223 933 4307 alteroque
955 4223 1036 4288 libro
1060 4225 1215 4308 particula
1237 4225 1305 4306 μήν,
1328 4227 1362 4287 in
1386 4227 1497 4289 ceteris

386 4338 652 4422 frequentissima,
682 4356 814 4420 prorsus
837 4335 941 4417 abest;
966 4343 1042 4401 sunt
1071 4339 1106 4400 in
1130 4337 1250 4422 quibus
1273 4357 1439 4421 nunquam
1462 4361 1498 4414 γε
