3330 5262
750 623 814 688 379

215 831 275 876 suo
306 813 489 894 erumpunt,
520 805 571 871 καί
596 801 641 872 οἷα
664 806 699 879 δὴ
722 805 864 870 ἀπιόντων
883 807 957 884 ’πρός
981 806 1099 884 δεῖπνονΙ
1117 803 1171 882 καί
1194 822 1341 870 οντκεναὲ

214 921 320 1002 ζόντων
338 925 394 984 τῶν
408 922 598 990 πελταστῶν,
620 923 676 986 τῶν
696 919 727 983 δὲ
746 918 855 982 ἱππέων
875 922 932 982 τῶν
951 919 1006 996 μὲν
1019 917 1061 982 ἔτι
1073 918 1345 999 καταβεβηκότων,

215 1038 270 1098 τῶν
294 1034 325 1099 δὲ
346 1030 573 1110 ἀναβαινόντων,
593 1027 791 1098 ίπεκαόνοντι.
812 1031 923 1114 Nihili,
943 1037 979 1096 ut
1000 1035 1121 1116 opinor,
1141 1038 1190 1096 est
1208 1036 1264 1094 τῶν
1284 1033 1338 1108 μὲν

213 1143 255 1210 ἔτι
285 1143 554 1223 καταβεβηκότας
586 1165 652 1210 non
684 1147 769 1209 enim
799 1150 865 1208 tam
889 1144 997 1210 faciles
1023 1165 1146 1226 sumus,
1172 1150 1208 1208 ut
1231 1145 1338 1209 creda-

216 1280 288 1342 mus
318 1279 355 1324 ea
384 1258 482 1334 verba
513 1258 693 1343 significare
724 1253 801 1320 ωίπω
833 1254 1060 1330 ἀναβαινόντων,
1090 1257 1184 1340 quod,
1208 1259 1338 1341 siquid

216 1372 439 1458 opponendum
472 1377 519 1437 est
550 1371 656 1436 verbis
686 1369 805 1450 τῶνδὲ
832 1368 1058 1447 ἀναβαινόντων,
1081 1374 1262 1452 necessario
1285 1374 1341 1452 hic

214 1488 403 1570 requiritur,
428 1505 623 1568 quamquam
648 1483 699 1548 vel
719 1485 769 1548 sic
792 1484 877 1566 apud
900 1482 1118 1559 ἀναβαινόντων
1141 1503 1234 1569 aegre
1255 1486 1337 1550 desi-

216 1600 306 1664 deres
336 1595 409 1678 ἀρτι,
441 1598 492 1662 vel
523 1593 576 1670 ἔτι,
608 1598 659 1661 vel
690 1595 847 1662 eiusmodi
877 1596 1078 1662 vocabulum.
1107 1598 1195 1674 Bene
1218 1599 1337 1664 factum

215 1717 263 1776 est
293 1711 380 1796 quod
409 1713 479 1794 ipsa
507 1729 614 1774 rerum
644 1713 760 1773 natura
782 1728 841 1773 nos
865 1709 964 1791 docet,
988 1710 1067 1794 quid
1091 1713 1133 1775 sit
1156 1712 1337 1796 legendum,

216 1825 371 1890 Narratur
385 1827 485 1906 ,anim
516 1823 681 1888 Thebanos
713 1843 809 1890 ausos
837 1843 906 1888 esse
929 1826 963 1888 in
988 1823 1160 1909 Spartanos
1182 1827 1337 1910 impetum

215 1940 317 2004 facere
344 1935 585 2023 (ἐπελαύνουσι),
610 1956 692 2021 quos
716 1942 809 2024 antea
832 1937 910 2001 adeo
934 1939 1091 2020 timerent,
1114 1943 1150 2001 ut
1168 1940 1253 2003 intra
1272 1940 1338 2002 val-

215 2055 282 2120 lum
304 2071 374 2118 sese
393 2053 599 2116 continerent.
621 2049 727 2128 Quare
746 2056 853 2116 autem
874 2050 907 2113 id
925 2050 1029 2115 facere
1049 2052 1120 2115 ausi
1137 2052 1239 2115 sunt?
1256 2051 1339 2128 Quia

216 2168 323 2231 hostes
354 2165 393 2228 ad
424 2164 637 2230 resistendum
667 2165 768 2248 parati
799 2180 865 2226 non
896 2169 993 2227 erant.
1017 2162 1122 2240 Quare
1145 2167 1249 2249 parati
1271 2185 1337 2228 non

220 2281 333 2345 erant?
369 2278 452 2356 Quia
482 2279 576 2342 modo
607 2279 640 2342 in
672 2282 775 2342 castra
804 2277 971 2342 redierant.
1002 2277 1088 2362 Ergo
1118 2278 1241 2362 pedites
1272 2280 1336 2343 iam

216 2411 347 2457 coenam
371 2411 483 2477 parare
506 2395 682 2475 coeperant,
704 2392 830 2474 equites
853 2391 969 2474 partim
993 2390 1032 2454 de
1053 2391 1145 2474 equis
1166 2391 1337 2456 descende-

215 2512 295 2588 rant,
325 2508 440 2590 partim
472 2507 566 2569 etiam
599 2504 841 2570 descendebant.
858 2503 1073 2589 'Quapropter
1096 2507 1142 2568 sio
1165 2505 1336 2589 legendum

215 2639 345 2686 censeo:

288 2787 344 2848 τῶν
356 2783 387 2848 δὲ
398 2782 508 2846 ἱππέων
520 2786 576 2845 τῶν
589 2782 643 2853 μὲν
655 2779 709 2856 ἤδη
722 2779 973 2859 καταβεβηκότων
986 2785 1042 2844 τῶν
1054 2782 1085 2845 δὲ
1097 2780 1337 2859 καταβαινόντων

216 2900 276 2964 vel:
289 2902 345 2961 τῶν
357 2897 389 2961 δὲ
400 2895 509 2960 ἱππέων
521 2899 578 2959 τῶν
590 2895 645 2972 μὲν
657 2893 699 2959 ἔτι
711 2893 952 2972 καταβαινόντων
965 2898 1021 2958 τῶν
1033 2893 1064 2958 δὲ
1076 2894 1336 2972 καταβεβηκότων.

258 3085 316 3166 IV,
347 3085 400 3146 42.
429 3081 516 3146 Dum
546 3080 726 3145 Phoebidas
756 3101 869 3165 agrum
891 3079 1077 3144 Thebanum
1101 3083 1167 3164 agit
1190 3080 1337 3164 feritque,

214 3198 355 3263 Thebani
386 3200 420 3260 in
442 3191 687 3280 Thespiensium¹
708 3215 821 3278 agrum
841 3196 1040 3258 incursiones
1064 3194 1194 3258 faciunt.
1217 3191 1281 3256 ἐπεὶ
1305 3194 1337 3257 δὲ

215 3307 304 3386 ἦσαν.
319 3313 347 3375 ἐν
378 3318 414 3390 τῇ
438 3309 531 3391 χώρα,
556 3308 569 3372 ό
593 3307 737 3385 Φοιβίδας
761 3307 812 3370 σὺν
836 3315 897 3379 τοῖς
921 3315 1110 3380 πελτασταῖς
1133 3307 1336 3387 προσκείμενος

213 3427 344 3503 οὐδαμοῦ
368 3421 413 3487 aia
437 3421 544 3494 αὐτοὺς
563 3420 831 3486 ἀποοκεδάνννοόαι
850 3427 904 3494 τῆς
923 3420 1099 3501 Φάλαγνος.
1121 3423 1184 3486 Pro
1204 3422 1334 3500 οὐδαμοῦ

213 3540 385 3624 legendum
408 3542 456 3602 est
478 3535 614 3613 οὐδαμοῖ.

257 3654 314 3735 IV,
347 3653 398 3714 46.
430 3649 570 3714 Thebani
600 3649 722 3714 feroces
744 3648 818 3712 facti
841 3645 1044 3738 insperatione
1067 3648 1106 3720 είς
1130 3647 1262 3720 Θετπιάς
1285 3647 1336 3712 καὶ

214 3767 253 3838 είς
284 3765 340 3836 τάς
370 3763 469 3836 ἀλλοις
499 3762 556 3836 τάς
586 3762 763 3844 περιοικίδας
786 3761 893 3835 πόλεις.
919 3762 1072 3828 Deleatur
1095 3765 1258 3846 articulus,
1282 3767 1338 3848 qui

213 3884 287 3964 post
309 3875 408 3950 ἀκκας
433 3878 557 3962 legitur.

258 3993 315 4075 IV,
340 3993 478 4054 51-53.
505 3990 652 4054 Graviter
672 3991 884 4075 interpolatus
907 3990 959 4053 hic
981 3990 1072 4053 locus
1093 3989 1227 4071 videtur,
1248 3991 1335 4073 quod

214 4107 352 4171 efficitur
381 4125 422 4170 ex
453 4106 560 4187 inepta
590 4105 777 4188 repetitione
808 4103 1038 4167 vocabulorum
1070 4099 1148 4178 όμως
1173 4108 1204 4167 et
1227 4101 1335 4180 μέντοι.

213 4219 409 4284 Brevissimo
434 4218 520 4282 enim
546 4217 712 4281 intervallo
736 4217 815 4282 haec
836 4217 1004 4301 leguntur:
1032 4217 1071 4278 51
1093 4213 1144 4279 καί
1164 4213 1333 4291 μόντοι....

213 4329 292 4409 όμως
323 4329 431 4408 μέντοι.
464 4331 505 4394 52
532 4329 557 4393 οἱ
579 4327 764 4407 μόντοι....
791 4327 869 4406 ὅμως
893 4329 924 4392 δὲ
949 4327 1007 4392 καί.
1035 4331 1077 4394 53
1099 4329 1137 4400 ὡς
1161 4325 1334 4406 μέντοι....
