<?xml version="1.0" encoding="UTF-8"?>
<!DOCTYPE html PUBLIC "-//W3C//DTD XHTML 1.0 Transitional//EN"
    "http://www.w3.org/TR/xhtml1/DTD/xhtml1-transitional.dtd">
<html xmlns="http://www.w3.org/1999/xhtml" xml:lang="en" lang="en">
 <head>
  <title>
</title>
<meta http-equiv="Content-Type" content="text/html;charset=utf-8" />
  <meta name='ocr-system' content='tesseract 3.04.00' />
  <meta name='ocr-capabilities' content='ocr_page ocr_carea ocr_par ocr_line ocrx_word'/>
</head>
<body>
  <div class='ocr_page' id='page_1' title='image "./analectaxenopho00hartgoog_0112.png"; bbox 0 0 3352 5260; ppageno 0'>
   <div class='ocr_carea' id='block_1_1' title="bbox 734 621 774 688">
    <p class='ocr_par' dir='ltr' id='par_1_1' title="bbox 734 621 774 688">
     <span class='ocr_line' id='line_1_1' title="bbox 734 621 774 688; baseline -0.05 0"><span class='ocrx_word' id='word_1_1' title='bbox 734 621 774 688; x_wconf 79' lang='grc'>97</span> 
     </span>
    </p>
   </div>
   <div class='ocr_carea' id='block_1_2' title="bbox 190 803 1325 3627">
    <p class='ocr_par' dir='ltr' id='par_1_2' title="bbox 190 803 1320 1696">
     <span class='ocr_line' id='line_1_2' title="bbox 191 803 1319 896; baseline 0 -20"><span class='ocrx_word' id='word_1_2' title='bbox 191 811 394 876; x_wconf 88' lang='lat' dir='ltr'>communem</span> <span class='ocrx_word' id='word_1_3' title='bbox 417 811 565 896; x_wconf 81' lang='lat' dir='ltr'><strong>praedam</strong></span> <span class='ocrx_word' id='word_1_4' title='bbox 589 815 681 894; x_wconf 89' lang='lat' dir='ltr'>pacta</span> <span class='ocrx_word' id='word_1_5' title='bbox 704 812 849 875; x_wconf 79' lang='lat' dir='ltr'>mercede</span> <span class='ocrx_word' id='word_1_6' title='bbox 872 811 936 874; x_wconf 90' lang='lat' dir='ltr'>illis</span> <span class='ocrx_word' id='word_1_7' title='bbox 960 803 1045 885; x_wconf 85' lang='lat' dir='ltr'>solis,</span> <span class='ocrx_word' id='word_1_8' title='bbox 1067 812 1123 895; x_wconf 89' lang='lat' dir='ltr'>qui</span> <span class='ocrx_word' id='word_1_9' title='bbox 1144 831 1215 876; x_wconf 90' lang='lat' dir='ltr'>eam</span> <span class='ocrx_word' id='word_1_10' title='bbox 1233 812 1319 876; x_wconf 88' lang='lat' dir='ltr'>feee-</span> 
     </span>
     <span class='ocr_line' id='line_1_3' title="bbox 190 919 1317 1007; baseline 0.001 -18"><span class='ocrx_word' id='word_1_11' title='bbox 190 930 271 1007; x_wconf 86' lang='lat' dir='ltr'>rant,</span> <span class='ocrx_word' id='word_1_12' title='bbox 300 926 473 990; x_wconf 82' lang='lat' dir='ltr'>concedere</span> <span class='ocrx_word' id='word_1_13' title='bbox 500 925 613 989; x_wconf 88' lang='lat' dir='ltr'>vellet:</span> <span class='ocrx_word' id='word_1_14' title='bbox 642 924 701 1006; x_wconf 74' lang='lat' dir='ltr'>„r’x</span> <span class='ocrx_word' id='word_1_15' title='bbox 725 923 826 988; x_wconf 77' lang='grc' dir='ltr'><em>τούτου</em></span> <span class='ocrx_word' id='word_1_16' title='bbox 849 948 889 1002; x_wconf 78' lang='grc' dir='ltr'>με</span> <span class='ocrx_word' id='word_1_17' title='bbox 912 923 1017 1001; x_wconf 84' lang='grc' dir='ltr'><em>λοιβὼι</em></span> <span class='ocrx_word' id='word_1_18' title='bbox 1040 919 1121 997; x_wconf 80' lang='grc' dir='ltr'><em>οὗτος</em></span> <span class='ocrx_word' id='word_1_19' title='bbox 1146 919 1238 1002; x_wconf 80' lang='grc' dir='ltr'><em>ἦγεν”</em></span> <span class='ocrx_word' id='word_1_20' title='bbox 1262 927 1317 990; x_wconf 92' lang='lat' dir='ltr'>ille</span> 
     </span>
     <span class='ocr_line' id='line_1_4' title="bbox 190 1035 1317 1121; baseline 0.002 -19"><span class='ocrx_word' id='word_1_21' title='bbox 190 1039 283 1104; x_wconf 87' lang='lat' dir='ltr'>miles</span> <span class='ocrx_word' id='word_1_22' title='bbox 305 1041 350 1103; x_wconf 82' lang='lat' dir='ltr'>ait</span> <span class='ocrx_word' id='word_1_23' title='bbox 376 1035 450 1121; x_wconf 70' lang='lat' dir='ltr'>„iva</span> <span class='ocrx_word' id='word_1_24' title='bbox 473 1037 515 1116; x_wconf 70' lang='grc' dir='ltr'>μὴ</span> <span class='ocrx_word' id='word_1_25' title='bbox 539 1037 702 1118; x_wconf 73' lang='grc' dir='ltr'><em>φθέγγοιτο</em></span> <span class='ocrx_word' id='word_1_26' title='bbox 726 1036 842 1116; x_wconf 71' lang='grc' dir='ltr'>μηδεὶς,</span> <span class='ocrx_word' id='word_1_27' title='bbox 863 1039 934 1103; x_wconf 69' lang='grc' dir='ltr'>ἀλλ’</span> <span class='ocrx_word' id='word_1_28' title='bbox 956 1039 1043 1112; x_wconf 74' lang='grc' dir='ltr'>αὐτὸς</span> <span class='ocrx_word' id='word_1_29' title='bbox 1063 1039 1167 1118; x_wconf 67' lang='grc' dir='ltr'><em>λαβὼν</em></span> <span class='ocrx_word' id='word_1_30' title='bbox 1187 1041 1220 1105; x_wconf 77' lang='grc' dir='ltr'>τὸ</span> <span class='ocrx_word' id='word_1_31' title='bbox 1233 1039 1317 1121; x_wconf 83' lang='grc' dir='ltr'><em>μέρος</em></span> 
     </span>
     <span class='ocr_line' id='line_1_5' title="bbox 192 1152 1318 1239; baseline 0.002 -23"><span class='ocrx_word' id='word_1_32' title='bbox 192 1152 341 1217; x_wconf 70' lang='grc' dir='ltr'><em>διασώσειε</em></span> <span class='ocrx_word' id='word_1_33' title='bbox 370 1158 432 1225; x_wconf 78' lang='grc' dir='ltr'><em>τοῖς</em></span> <span class='ocrx_word' id='word_1_34' title='bbox 462 1159 590 1233; x_wconf 65' lang='lat' dir='ltr'>speretis</span> <span class='ocrx_word' id='word_1_35' title='bbox 620 1152 703 1233; x_wconf 74' lang='grc' dir='ltr'><em>ποιροὶ</em></span> <span class='ocrx_word' id='word_1_36' title='bbox 725 1152 778 1226; x_wconf 69' lang='grc' dir='ltr'>τὴν</span> <span class='ocrx_word' id='word_1_37' title='bbox 800 1154 905 1235; x_wconf 75' lang='grc' dir='ltr'><strong><em>ῥήτραν</em></strong></span> <span class='ocrx_word' id='word_1_38' title='bbox 928 1153 969 1218; x_wconf 72' lang='grc' dir='ltr'>τοι</span> <span class='ocrx_word' id='word_1_39' title='bbox 991 1153 1172 1235; x_wconf 72' lang='grc' dir='ltr'>χρήματο.”</span> <span class='ocrx_word' id='word_1_40' title='bbox 1196 1154 1318 1239; x_wconf 84' lang='lat' dir='ltr'>Legen-</span> 
     </span>
     <span class='ocr_line' id='line_1_6' title="bbox 193 1263 1318 1348; baseline 0.003 -18"><span class='ocrx_word' id='word_1_41' title='bbox 193 1268 271 1331; x_wconf 88' lang='lat' dir='ltr'>dum</span> <span class='ocrx_word' id='word_1_42' title='bbox 294 1273 342 1333; x_wconf 90' lang='lat' dir='ltr'>est</span> <span class='ocrx_word' id='word_1_43' title='bbox 365 1263 411 1330; x_wconf 76' lang='lat' dir='ltr'>iva</span> <span class='ocrx_word' id='word_1_44' title='bbox 434 1266 511 1344; x_wconf 72' lang='grc' dir='ltr'>μηδὲ</span> <span class='ocrx_word' id='word_1_45' title='bbox 534 1264 694 1348; x_wconf 73' lang='grc' dir='ltr'><em>φθέγγοιτο</em></span> <span class='ocrx_word' id='word_1_46' title='bbox 717 1266 836 1344; x_wconf 67' lang='lat' dir='ltr'>roaisio:</span> <span class='ocrx_word' id='word_1_47' title='bbox 862 1270 1034 1332; x_wconf 91' lang='lat' dir='ltr'>nonenim</span> <span class='ocrx_word' id='word_1_48' title='bbox 1053 1288 1165 1332; x_wconf 89' lang='lat' dir='ltr'>vocem</span> <span class='ocrx_word' id='word_1_49' title='bbox 1177 1269 1318 1333; x_wconf 91' lang='lat' dir='ltr'>militum</span> 
     </span>
     <span class='ocr_line' id='line_1_7' title="bbox 192 1379 1318 1465; baseline 0.002 -21"><span class='ocrx_word' id='word_1_50' title='bbox 192 1380 355 1445; x_wconf 82' lang='lat' dir='ltr'>metuebat</span> <span class='ocrx_word' id='word_1_51' title='bbox 383 1379 560 1465; x_wconf 84' lang='lat' dir='ltr'>Dexippus,</span> <span class='ocrx_word' id='word_1_52' title='bbox 588 1382 644 1446; x_wconf 88' lang='lat' dir='ltr'>sed</span> <span class='ocrx_word' id='word_1_53' title='bbox 674 1380 803 1446; x_wconf 82' lang='lat' dir='ltr'>nolebat</span> <span class='ocrx_word' id='word_1_54' title='bbox 833 1401 887 1447; x_wconf 89' lang='lat' dir='ltr'>eos</span> <span class='ocrx_word' id='word_1_55' title='bbox 911 1383 979 1446; x_wconf 90' lang='lat' dir='ltr'>suis</span> <span class='ocrx_word' id='word_1_56' title='bbox 1003 1382 1146 1446; x_wconf 91' lang='lat' dir='ltr'>consiliis</span> <span class='ocrx_word' id='word_1_57' title='bbox 1170 1384 1318 1447; x_wconf 90' lang='lat' dir='ltr'>resistere</span> 
     </span>
     <span class='ocr_line' id='line_1_8' title="bbox 194 1495 1320 1580; baseline 0.003 -22"><span class='ocrx_word' id='word_1_58' title='bbox 194 1496 320 1577; x_wconf 85' lang='lat' dir='ltr'>audere,</span> <span class='ocrx_word' id='word_1_59' title='bbox 343 1496 441 1578; x_wconf 92' lang='lat' dir='ltr'>idque</span> <span class='ocrx_word' id='word_1_60' title='bbox 464 1514 506 1558; x_wconf 83' lang='lat' dir='ltr'>ex</span> <span class='ocrx_word' id='word_1_61' title='bbox 529 1495 715 1579; x_wconf 89' lang='lat' dir='ltr'>quotidiano</span> <span class='ocrx_word' id='word_1_62' title='bbox 739 1495 893 1580; x_wconf 92' lang='lat' dir='ltr'>loquendi</span> <span class='ocrx_word' id='word_1_63' title='bbox 916 1516 980 1561; x_wconf 88' lang='lat' dir='ltr'>usu</span> <span class='ocrx_word' id='word_1_64' title='bbox 1003 1497 1135 1561; x_wconf 88' lang='lat' dir='ltr'>dicitur:</span> <span class='ocrx_word' id='word_1_65' title='bbox 1164 1496 1320 1578; x_wconf 85' lang='lat' dir='ltr'>„volebat</span> 
     </span>
     <span class='ocr_line' id='line_1_9' title="bbox 195 1609 874 1696; baseline 0 -23"><span class='ocrx_word' id='word_1_66' title='bbox 195 1627 250 1673; x_wconf 92' lang='lat' dir='ltr'>eos</span> <span class='ocrx_word' id='word_1_67' title='bbox 272 1629 312 1674; x_wconf 83' lang='grc' dir='ltr'>ιοο</span> <span class='ocrx_word' id='word_1_68' title='bbox 335 1610 457 1674; x_wconf 85' lang='lat' dir='ltr'>hiscere</span> <span class='ocrx_word' id='word_1_69' title='bbox 479 1609 604 1690; x_wconf 70' lang='lat' dir='ltr'>quidem</span> <span class='ocrx_word' id='word_1_70' title='bbox 630 1609 779 1674; x_wconf 88' lang='lat' dir='ltr'>audere&#39;&#39;.</span> <span class='ocrx_word' id='word_1_71' title='bbox 871 1687 874 1696; x_wconf 27' lang='grc' dir='ltr'>Ι</span> 
     </span>
    </p>

    <p class='ocr_par' dir='ltr' id='par_1_3' title="bbox 195 1721 1325 3627">
     <span class='ocr_line' id='line_1_10' title="bbox 239 1721 1320 1809; baseline 0.003 -23"><span class='ocrx_word' id='word_1_72' title='bbox 239 1722 296 1795; x_wconf 79' lang='lat' dir='ltr'>Vl,</span> <span class='ocrx_word' id='word_1_73' title='bbox 332 1724 383 1786; x_wconf 87' lang='grc'>34.</span> <span class='ocrx_word' id='word_1_74' title='bbox 419 1721 611 1787; x_wconf 80' lang='lat' dir='ltr'>Cleandrum</span> <span class='ocrx_word' id='word_1_75' title='bbox 646 1723 840 1788; x_wconf 87' lang='lat' dir='ltr'>harmostem</span> <span class='ocrx_word' id='word_1_76' title='bbox 876 1723 1060 1808; x_wconf 89' lang='lat' dir='ltr'>Xenophon</span> <span class='ocrx_word' id='word_1_77' title='bbox 1092 1729 1191 1809; x_wconf 86' lang='lat' dir='ltr'>rogat,</span> <span class='ocrx_word' id='word_1_78' title='bbox 1221 1730 1259 1789; x_wconf 91' lang='lat' dir='ltr'>ut</span> <span class='ocrx_word' id='word_1_79' title='bbox 1289 1729 1320 1791; x_wconf 91' lang='lat' dir='ltr'>et</span> 
     </span>
     <span class='ocr_line' id='line_1_11' title="bbox 195 1838 1322 1921; baseline 0.003 -21"><span class='ocrx_word' id='word_1_80' title='bbox 195 1838 339 1921; x_wconf 85' lang='lat' dir='ltr'>captivos</span> <span class='ocrx_word' id='word_1_81' title='bbox 364 1838 454 1920; x_wconf 81' lang='lat' dir='ltr'>duos,</span> <span class='ocrx_word' id='word_1_82' title='bbox 478 1857 559 1921; x_wconf 92' lang='lat' dir='ltr'>quos</span> <span class='ocrx_word' id='word_1_83' title='bbox 584 1857 618 1902; x_wconf 89' lang='lat' dir='ltr'>se</span> <span class='ocrx_word' id='word_1_84' title='bbox 641 1843 770 1902; x_wconf 87' lang='lat' dir='ltr'>auctore</span> <span class='ocrx_word' id='word_1_85' title='bbox 794 1839 824 1902; x_wconf 92' lang='lat' dir='ltr'>ei</span> <span class='ocrx_word' id='word_1_86' title='bbox 850 1838 967 1903; x_wconf 87' lang='lat' dir='ltr'>milites</span> <span class='ocrx_word' id='word_1_87' title='bbox 990 1838 1180 1903; x_wconf 87' lang='lat' dir='ltr'>tradiderint</span> <span class='ocrx_word' id='word_1_88' title='bbox 1200 1839 1322 1921; x_wconf 87' lang='lat' dir='ltr'>reddat,</span> 
     </span>
     <span class='ocr_line' id='line_1_12' title="bbox 198 1953 1321 2036; baseline 0.002 -21"><span class='ocrx_word' id='word_1_89' title='bbox 198 1955 230 2015; x_wconf 91' lang='lat' dir='ltr'>et</span> <span class='ocrx_word' id='word_1_90' title='bbox 253 1953 418 2035; x_wconf 87' lang='lat' dir='ltr'>copiarum</span> <span class='ocrx_word' id='word_1_91' title='bbox 440 1953 473 2015; x_wconf 92' lang='lat' dir='ltr'>in</span> <span class='ocrx_word' id='word_1_92' title='bbox 499 1971 533 2016; x_wconf 89' lang='lat' dir='ltr'>se</span> <span class='ocrx_word' id='word_1_93' title='bbox 556 1953 688 2036; x_wconf 89' lang='lat' dir='ltr'>recipiat</span> <span class='ocrx_word' id='word_1_94' title='bbox 707 1953 895 2036; x_wconf 88' lang='lat' dir='ltr'>imperium:</span> <span class='ocrx_word' id='word_1_95' title='bbox 918 1953 1001 2016; x_wconf 91' lang='lat' dir='ltr'>dicto</span> <span class='ocrx_word' id='word_1_96' title='bbox 1014 1953 1100 2016; x_wconf 87' lang='lat' dir='ltr'>eninr</span> <span class='ocrx_word' id='word_1_97' title='bbox 1112 1953 1142 2017; x_wconf 89' lang='lat' dir='ltr'>ei</span> <span class='ocrx_word' id='word_1_98' title='bbox 1154 1953 1321 2017; x_wconf 85' lang='lat' dir='ltr'>audientes</span> 
     </span>
     <span class='ocr_line' id='line_1_13' title="bbox 196 2065 1323 2151; baseline 0.001 -22"><span class='ocrx_word' id='word_1_99' title='bbox 196 2065 263 2130; x_wconf 89' lang='lat' dir='ltr'>fore</span> <span class='ocrx_word' id='word_1_100' title='bbox 299 2066 424 2148; x_wconf 83' lang='lat' dir='ltr'>militae,</span> <span class='ocrx_word' id='word_1_101' title='bbox 457 2071 488 2130; x_wconf 91' lang='lat' dir='ltr'>et</span> <span class='ocrx_word' id='word_1_102' title='bbox 518 2065 656 2131; x_wconf 88' lang='lat' dir='ltr'>fideliter</span> <span class='ocrx_word' id='word_1_103' title='bbox 686 2069 755 2131; x_wconf 91' lang='lat' dir='ltr'>eius</span> <span class='ocrx_word' id='word_1_104' title='bbox 778 2068 914 2150; x_wconf 91' lang='lat' dir='ltr'>imperia</span> <span class='ocrx_word' id='word_1_105' title='bbox 937 2067 1152 2151; x_wconf 86' lang='lat' dir='ltr'>capessituros</span> <span class='ocrx_word' id='word_1_106' title='bbox 1177 2066 1323 2148; x_wconf 86' lang='lat' dir='ltr'>affirmat,</span> 
     </span>
     <span class='ocr_line' id='line_1_14' title="bbox 197 2178 1318 2264; baseline -0.002 -20"><span class='ocrx_word' id='word_1_107' title='bbox 197 2199 354 2263; x_wconf 86' lang='lat' dir='ltr'>suamque</span> <span class='ocrx_word' id='word_1_108' title='bbox 389 2199 445 2263; x_wconf 91' lang='lat' dir='ltr'>pro</span> <span class='ocrx_word' id='word_1_109' title='bbox 476 2181 517 2244; x_wconf 91' lang='lat' dir='ltr'>iis</span> <span class='ocrx_word' id='word_1_110' title='bbox 547 2179 644 2244; x_wconf 91' lang='lat' dir='ltr'>fidem</span> <span class='ocrx_word' id='word_1_111' title='bbox 675 2179 801 2264; x_wconf 84' lang='lat' dir='ltr'>obligat</span> <span class='ocrx_word' id='word_1_112' title='bbox 832 2179 1015 2264; x_wconf 87' lang='lat' dir='ltr'>Respondet</span> <span class='ocrx_word' id='word_1_113' title='bbox 1038 2179 1208 2244; x_wconf 82' lang='lat' dir='ltr'>Cleander:</span> <span class='ocrx_word' id='word_1_114' title='bbox 1234 2178 1318 2243; x_wconf 80' lang='grc' dir='ltr'><em>οὶλλοὶ</em></span> 
     </span>
     <span class='ocr_line' id='line_1_15' title="bbox 196 2290 1313 2373; baseline -0.002 -16"><span class='ocrx_word' id='word_1_115' title='bbox 196 2292 244 2358; x_wconf 71' lang='lat' dir='ltr'>val</span> <span class='ocrx_word' id='word_1_116' title='bbox 276 2295 316 2358; x_wconf 78' lang='grc' dir='ltr'>τὼ</span> <span class='ocrx_word' id='word_1_117' title='bbox 347 2292 406 2367; x_wconf 82' lang='grc' dir='ltr'>σιώ,</span> <span class='ocrx_word' id='word_1_118' title='bbox 430 2290 515 2372; x_wconf 70' lang='lat' dir='ltr'>cdxv</span> <span class='ocrx_word' id='word_1_119' title='bbox 537 2315 579 2357; x_wconf 82' lang='grc' dir='ltr'>τοι</span> <span class='ocrx_word' id='word_1_120' title='bbox 603 2292 674 2369; x_wconf 82' lang='grc' dir='ltr'><em>ὑμῖν</em></span> <span class='ocrx_word' id='word_1_121' title='bbox 697 2292 916 2373; x_wconf 77' lang='grc' dir='ltr'><em>οὶιιοκοιοοῦμοοι,</em></span> <span class='ocrx_word' id='word_1_122' title='bbox 941 2292 992 2357; x_wconf 73' lang='lat' dir='ltr'>nal</span> <span class='ocrx_word' id='word_1_123' title='bbox 1016 2292 1056 2357; x_wconf 75' lang='grc' dir='ltr'>τώ</span> <span class='ocrx_word' id='word_1_124' title='bbox 1080 2316 1113 2356; x_wconf 81' lang='grc' dir='ltr'>τε</span> <span class='ocrx_word' id='word_1_125' title='bbox 1135 2291 1218 2373; x_wconf 74' lang='grc' dir='ltr'><em>ἄνδρε</em></span> <span class='ocrx_word' id='word_1_126' title='bbox 1242 2293 1313 2369; x_wconf 79' lang='grc' dir='ltr'><strong><em>ὑμῖν</em></strong></span> 
     </span>
     <span class='ocr_line' id='line_1_16' title="bbox 197 2403 1320 2486; baseline -0.003 -14"><span class='ocrx_word' id='word_1_127' title='bbox 197 2407 305 2485; x_wconf 78' lang='grc' dir='ltr'><em>δίδωμι</em></span> <span class='ocrx_word' id='word_1_128' title='bbox 334 2404 386 2471; x_wconf 68' lang='lat' dir='ltr'>aad</span> <span class='ocrx_word' id='word_1_129' title='bbox 408 2406 496 2479; x_wconf 67' lang='grc' dir='ltr'>αὐτὸς</span> <span class='ocrx_word' id='word_1_130' title='bbox 518 2405 695 2486; x_wconf 78' lang='grc' dir='ltr'><em>ποιρέοομοοι·</em></span> <span class='ocrx_word' id='word_1_131' title='bbox 718 2404 768 2470; x_wconf 72' lang='lat' dir='ltr'>acl</span> <span class='ocrx_word' id='word_1_132' title='bbox 791 2403 825 2478; x_wconf 78' lang='grc' dir='ltr'>ἢν</span> <span class='ocrx_word' id='word_1_133' title='bbox 849 2406 874 2470; x_wconf 83' lang='grc' dir='ltr'>οἷ</span> <span class='ocrx_word' id='word_1_134' title='bbox 897 2405 951 2471; x_wconf 75' lang='grc' dir='ltr'>θεοὶ</span> <span class='ocrx_word' id='word_1_135' title='bbox 975 2407 1184 2486; x_wconf 78' lang='grc' dir='ltr'><em>ποοροοδιδῶσιο,</em></span> <span class='ocrx_word' id='word_1_136' title='bbox 1210 2403 1320 2483; x_wconf 71' lang='grc' dir='ltr'><em>ἐξηγή-</em></span> 
     </span>
     <span class='ocr_line' id='line_1_17' title="bbox 198 2515 1321 2599; baseline -0.001 -15"><span class='ocrx_word' id='word_1_137' title='bbox 198 2544 288 2599; x_wconf 87' lang='grc' dir='ltr'><em>οομοιι</em></span> <span class='ocrx_word' id='word_1_138' title='bbox 322 2521 362 2592; x_wconf 76' lang='grc' dir='ltr'>εἰς</span> <span class='ocrx_word' id='word_1_139' title='bbox 396 2518 450 2592; x_wconf 69' lang='grc' dir='ltr'>τὴν</span> <span class='ocrx_word' id='word_1_140' title='bbox 480 2518 626 2584; x_wconf 72' lang='grc' dir='ltr'><em>Ἐλλοὶδοι.</em></span> <span class='ocrx_word' id='word_1_141' title='bbox 659 2517 711 2583; x_wconf 80' lang='grc' dir='ltr'><em>κοοὶ</em></span> <span class='ocrx_word' id='word_1_142' title='bbox 743 2519 819 2583; x_wconf 84' lang='grc' dir='ltr'><em>πολὺ</em></span> <span class='ocrx_word' id='word_1_143' title='bbox 849 2519 873 2584; x_wconf 78' lang='grc' dir='ltr'>οἱ</span> <span class='ocrx_word' id='word_1_144' title='bbox 894 2519 975 2597; x_wconf 81' lang='grc' dir='ltr'><em>λόγοι</em></span> <span class='ocrx_word' id='word_1_145' title='bbox 999 2515 1073 2585; x_wconf 81' lang='grc' dir='ltr'><em>οὖτοι</em></span> <span class='ocrx_word' id='word_1_146' title='bbox 1096 2519 1186 2584; x_wconf 75' lang='grc' dir='ltr'><em>οέοτίοι</em></span> <span class='ocrx_word' id='word_1_147' title='bbox 1209 2517 1321 2592; x_wconf 66' lang='lat' dir='ltr'>aloisii</span> 
     </span>
     <span class='ocr_line' id='line_1_18' title="bbox 199 2630 1322 2714; baseline -0.001 -16"><span class='ocrx_word' id='word_1_148' title='bbox 199 2630 245 2707; x_wconf 79' lang='grc' dir='ltr'>οὓς</span> <span class='ocrx_word' id='word_1_149' title='bbox 268 2634 327 2712; x_wconf 78' lang='grc' dir='ltr'>ἐγὼ</span> <span class='ocrx_word' id='word_1_150' title='bbox 350 2632 414 2714; x_wconf 76' lang='grc' dir='ltr'>περὶ</span> <span class='ocrx_word' id='word_1_151' title='bbox 439 2633 519 2712; x_wconf 73' lang='grc' dir='ltr'>ὑμῶν</span> <span class='ocrx_word' id='word_1_152' title='bbox 542 2632 619 2697; x_wconf 82' lang='grc' dir='ltr'><em>ἕοιόον</em></span> <span class='ocrx_word' id='word_1_153' title='bbox 641 2630 741 2706; x_wconf 72' lang='grc' dir='ltr'><em>ἤκουον</em></span> <span class='ocrx_word' id='word_1_154' title='bbox 763 2633 801 2705; x_wconf 78' lang='grc' dir='ltr'>ὥς</span> <span class='ocrx_word' id='word_1_155' title='bbox 824 2634 856 2697; x_wconf 81' lang='grc' dir='ltr'>τὸ</span> <span class='ocrx_word' id='word_1_156' title='bbox 879 2631 1052 2714; x_wconf 75' lang='grc' dir='ltr'><em>στοοὲτεομοι</em></span> <span class='ocrx_word' id='word_1_157' title='bbox 1075 2633 1238 2712; x_wconf 80' lang='grc' dir='ltr'><em>οὶΦίοτοοιτε</em></span> <span class='ocrx_word' id='word_1_158' title='bbox 1261 2633 1322 2697; x_wconf 66' lang='lat' dir='ltr'>acl</span> 
     </span>
     <span class='ocr_line' id='line_1_19' title="bbox 198 2743 1321 2832; baseline -0.001 -20"><span class='ocrx_word' id='word_1_159' title='bbox 198 2747 446 2825; x_wconf 69' lang='grc' dir='ltr'><em>Λακεδαιμονίων.</em></span> <span class='ocrx_word' id='word_1_160' title='bbox 470 2746 658 2832; x_wconf 87' lang='lat' dir='ltr'>Legendum</span> <span class='ocrx_word' id='word_1_161' title='bbox 681 2766 751 2812; x_wconf 86' lang='lat' dir='ltr'>esse</span> <span class='ocrx_word' id='word_1_162' title='bbox 776 2748 903 2811; x_wconf 84' lang='lat' dir='ltr'>videtur</span> <span class='ocrx_word' id='word_1_163' title='bbox 925 2744 959 2820; x_wconf 75' lang='grc' dir='ltr'>ἦν</span> <span class='ocrx_word' id='word_1_164' title='bbox 983 2747 1007 2812; x_wconf 86' lang='grc' dir='ltr'>οἱ</span> <span class='ocrx_word' id='word_1_165' title='bbox 1029 2745 1084 2811; x_wconf 72' lang='grc' dir='ltr'><em>θεοὶ</em></span> <span class='ocrx_word' id='word_1_166' title='bbox 1104 2743 1234 2821; x_wconf 63' lang='lat' dir='ltr'>ethaam</span> <span class='ocrx_word' id='word_1_167' title='bbox 1255 2767 1321 2811; x_wconf 91' lang='lat' dir='ltr'>non</span> 
     </span>
     <span class='ocr_line' id='line_1_20' title="bbox 198 2857 1321 2947; baseline -0.002 -20"><span class='ocrx_word' id='word_1_168' title='bbox 198 2865 284 2928; x_wconf 90' lang='lat' dir='ltr'>enim</span> <span class='ocrx_word' id='word_1_169' title='bbox 317 2868 355 2927; x_wconf 90' lang='lat' dir='ltr'>nt</span> <span class='ocrx_word' id='word_1_170' title='bbox 388 2864 501 2947; x_wconf 91' lang='lat' dir='ltr'>opinor</span> <span class='ocrx_word' id='word_1_171' title='bbox 530 2861 650 2926; x_wconf 80' lang='lat' dir='ltr'>Graece</span> <span class='ocrx_word' id='word_1_172' title='bbox 681 2857 715 2934; x_wconf 80' lang='grc' dir='ltr'>ἢν</span> <span class='ocrx_word' id='word_1_173' title='bbox 738 2860 762 2924; x_wconf 82' lang='grc' dir='ltr'>οἱ</span> <span class='ocrx_word' id='word_1_174' title='bbox 785 2859 840 2924; x_wconf 73' lang='lat' dir='ltr'>decl</span> <span class='ocrx_word' id='word_1_175' title='bbox 863 2861 1058 2941; x_wconf 78' lang='grc' dir='ltr'><em>ποοροιδιδῶοιο</em></span> <span class='ocrx_word' id='word_1_176' title='bbox 1084 2863 1209 2944; x_wconf 86' lang='lat' dir='ltr'>dicitur,</span> <span class='ocrx_word' id='word_1_177' title='bbox 1234 2863 1321 2945; x_wconf 85' lang='lat' dir='ltr'>qnod</span> 
     </span>
     <span class='ocr_line' id='line_1_21' title="bbox 198 2972 1321 3058; baseline -0.001 -18"><span class='ocrx_word' id='word_1_178' title='bbox 198 2975 310 3042; x_wconf 85' lang='lat' dir='ltr'>Latine</span> <span class='ocrx_word' id='word_1_179' title='bbox 343 2981 393 3041; x_wconf 90' lang='lat' dir='ltr'>est</span> <span class='ocrx_word' id='word_1_180' title='bbox 429 2977 517 3058; x_wconf 88' lang='lat' dir='ltr'>„diis</span> <span class='ocrx_word' id='word_1_181' title='bbox 546 2974 767 3055; x_wconf 84' lang='lat' dir='ltr'>volentibns’&#39;;</span> <span class='ocrx_word' id='word_1_182' title='bbox 802 2975 995 3058; x_wconf 83' lang='lat' dir='ltr'>praecedens</span> <span class='ocrx_word' id='word_1_183' title='bbox 1018 2972 1184 3055; x_wconf 76' lang='grc' dir='ltr'><em>ποιοέοομοιι</em></span> <span class='ocrx_word' id='word_1_184' title='bbox 1208 2975 1321 3058; x_wconf 86' lang='lat' dir='ltr'>effecit,</span> 
     </span>
     <span class='ocr_line' id='line_1_22' title="bbox 201 3086 1323 3174; baseline -0.003 -19"><span class='ocrx_word' id='word_1_185' title='bbox 201 3095 238 3155; x_wconf 86' lang='lat' dir='ltr'>ut</span> <span class='ocrx_word' id='word_1_186' title='bbox 260 3095 292 3154; x_wconf 88' lang='lat' dir='ltr'>et</span> <span class='ocrx_word' id='word_1_187' title='bbox 313 3089 411 3154; x_wconf 89' lang='lat' dir='ltr'>verbo</span> <span class='ocrx_word' id='word_1_188' title='bbox 435 3088 547 3153; x_wconf 78' lang='grc' dir='ltr'><em>διδῶσιν</em></span> <span class='ocrx_word' id='word_1_189' title='bbox 568 3090 760 3174; x_wconf 88' lang='lat' dir='ltr'>praepositio</span> <span class='ocrx_word' id='word_1_190' title='bbox 784 3086 866 3168; x_wconf 80' lang='grc' dir='ltr'><em>οιοοροί</em></span> <span class='ocrx_word' id='word_1_191' title='bbox 885 3089 1077 3152; x_wconf 80' lang='lat' dir='ltr'>adhaereret.</span> <span class='ocrx_word' id='word_1_192' title='bbox 1096 3087 1221 3153; x_wconf 91' lang='lat' dir='ltr'>Deinde</span> <span class='ocrx_word' id='word_1_193' title='bbox 1237 3090 1323 3153; x_wconf 90' lang='lat' dir='ltr'>inse·</span> 
     </span>
     <span class='ocr_line' id='line_1_23' title="bbox 198 3198 1325 3288; baseline -0.001 -21"><span class='ocrx_word' id='word_1_194' title='bbox 198 3205 298 3268; x_wconf 85' lang='lat' dir='ltr'>rende</span> <span class='ocrx_word' id='word_1_195' title='bbox 329 3209 377 3270; x_wconf 90' lang='lat' dir='ltr'>est</span> <span class='ocrx_word' id='word_1_196' title='bbox 401 3203 557 3288; x_wconf 84' lang='lat' dir='ltr'>particula</span> <span class='ocrx_word' id='word_1_197' title='bbox 580 3199 647 3281; x_wconf 78' lang='grc' dir='ltr'><em>γοὶρ,</em></span> <span class='ocrx_word' id='word_1_198' title='bbox 672 3207 709 3266; x_wconf 91' lang='lat' dir='ltr'>ut</span> <span class='ocrx_word' id='word_1_199' title='bbox 732 3201 886 3266; x_wconf 81' lang='lat' dir='ltr'>Cleander</span> <span class='ocrx_word' id='word_1_200' title='bbox 908 3200 1015 3266; x_wconf 90' lang='lat' dir='ltr'>verbis</span> <span class='ocrx_word' id='word_1_201' title='bbox 1041 3198 1093 3266; x_wconf 73' lang='grc' dir='ltr'>κοιὶ</span> <span class='ocrx_word' id='word_1_202' title='bbox 1118 3200 1175 3282; x_wconf 72' lang='grc' dir='ltr'>γὰρ</span> <span class='ocrx_word' id='word_1_203' title='bbox 1201 3200 1277 3265; x_wconf 80' lang='grc' dir='ltr'><em>πολὺ</em></span> <span class='ocrx_word' id='word_1_204' title='bbox 1300 3201 1325 3266; x_wconf 82' lang='grc' dir='ltr'>οἱ</span> 
     </span>
     <span class='ocr_line' id='line_1_24' title="bbox 199 3305 1320 3401; baseline -0.002 -20"><span class='ocrx_word' id='word_1_205' title='bbox 199 3315 280 3395; x_wconf 79' lang='grc' dir='ltr'><em>λόγοι</em></span> <span class='ocrx_word' id='word_1_206' title='bbox 306 3311 380 3381; x_wconf 84' lang='grc' dir='ltr'><em>οὖτοι</em></span> <span class='ocrx_word' id='word_1_207' title='bbox 402 3316 462 3380; x_wconf 66' lang='lat' dir='ltr'>uri.</span> <span class='ocrx_word' id='word_1_208' title='bbox 487 3317 642 3381; x_wconf 89' lang='lat' dir='ltr'>rationem</span> <span class='ocrx_word' id='word_1_209' title='bbox 664 3305 784 3399; x_wconf 67' lang='lat' dir='ltr'>reddat</span> <span class='ocrx_word' id='word_1_210' title='bbox 808 3337 866 3381; x_wconf 90' lang='lat' dir='ltr'>eur</span> <span class='ocrx_word' id='word_1_211' title='bbox 889 3318 1005 3388; x_wconf 86' lang='lat' dir='ltr'>omnia,</span> <span class='ocrx_word' id='word_1_212' title='bbox 1029 3334 1114 3401; x_wconf 90' lang='lat' dir='ltr'>qnae</span> <span class='ocrx_word' id='word_1_213' title='bbox 1137 3315 1320 3400; x_wconf 91' lang='lat' dir='ltr'>Xenophon</span> 
     </span>
     <span class='ocr_line' id='line_1_25' title="bbox 199 3409 1324 3516; baseline -0.002 -21"><span class='ocrx_word' id='word_1_214' title='bbox 199 3432 316 3516; x_wconf 88' lang='lat' dir='ltr'>cupiat,</span> <span class='ocrx_word' id='word_1_215' title='bbox 345 3430 449 3496; x_wconf 88' lang='lat' dir='ltr'>facere</span> <span class='ocrx_word' id='word_1_216' title='bbox 479 3435 610 3515; x_wconf 87' lang='lat' dir='ltr'>paratus</span> <span class='ocrx_word' id='word_1_217' title='bbox 642 3431 691 3493; x_wconf 90' lang='lat' dir='ltr'>sit.</span> <span class='ocrx_word' id='word_1_218' title='bbox 723 3429 915 3514; x_wconf 85' lang='lat' dir='ltr'>Saepissime</span> <span class='ocrx_word' id='word_1_219' title='bbox 939 3434 1010 3514; x_wconf 88' lang='lat' dir='ltr'>post</span> <span class='ocrx_word' id='word_1_220' title='bbox 1033 3427 1086 3493; x_wconf 82' lang='grc' dir='ltr'><em>κοιί</em></span> <span class='ocrx_word' id='word_1_221' title='bbox 1107 3409 1144 3494; x_wconf 89' lang='lat' dir='ltr'>ea</span> <span class='ocrx_word' id='word_1_222' title='bbox 1166 3429 1324 3514; x_wconf 88' lang='lat' dir='ltr'>particula</span> 
     </span>
     <span class='ocr_line' id='line_1_26' title="bbox 200 3541 1159 3627; baseline -0.005 -15"><span class='ocrx_word' id='word_1_223' title='bbox 200 3564 274 3612; x_wconf 80' lang='lat' dir='ltr'>oum</span> <span class='ocrx_word' id='word_1_224' title='bbox 298 3545 475 3609; x_wconf 85' lang='lat' dir='ltr'>sententiae</span> <span class='ocrx_word' id='word_1_225' title='bbox 497 3544 613 3607; x_wconf 88' lang='lat' dir='ltr'>damno</span> <span class='ocrx_word' id='word_1_226' title='bbox 637 3543 765 3608; x_wconf 83' lang='lat' dir='ltr'>excidit.</span> <span class='ocrx_word' id='word_1_227' title='bbox 792 3541 836 3607; x_wconf 83' lang='lat' dir='ltr'>Cl.</span> <span class='ocrx_word' id='word_1_228' title='bbox 860 3544 900 3607; x_wconf 88' lang='lat' dir='ltr'>ad</span> <span class='ocrx_word' id='word_1_229' title='bbox 923 3543 980 3627; x_wconf 85' lang='lat' dir='ltr'>VI,</span> <span class='ocrx_word' id='word_1_230' title='bbox 1005 3545 1034 3621; x_wconf 87' lang='lat'>2,</span> <span class='ocrx_word' id='word_1_231' title='bbox 1059 3544 1099 3607; x_wconf 88' lang='grc'>13</span> <span class='ocrx_word' id='word_1_232' title='bbox 1112 3563 1159 3627; x_wconf 91' lang='lat' dir='ltr'>sq.</span> 
     </span>
    </p>
   </div>
   <div class='ocr_carea' id='block_1_3' title="bbox 668 3819 863 3832">
    <p class='ocr_par' dir='ltr' id='par_1_4' title="bbox 668 3819 863 3832">
     <span class='ocr_line' id='line_1_27' title="bbox 668 3819 863 3832; baseline 0 -2"><span class='ocrx_word' id='word_1_233' title='bbox 668 3819 863 3832; x_wconf 70' lang='lat' dir='ltr'>-n—-n——u—</span> 
     </span>
    </p>
   </div>
   <div class='ocr_carea' id='block_1_4' title="bbox 623 4044 903 4114">
    <p class='ocr_par' dir='ltr' id='par_1_5' title="bbox 623 4044 903 4114">
     <span class='ocr_line' id='line_1_28' title="bbox 623 4044 903 4114; baseline 0 0"><span class='ocrx_word' id='word_1_234' title='bbox 623 4045 797 4114; x_wconf 79' lang='lat' dir='ltr'>LIBER</span> <span class='ocrx_word' id='word_1_235' title='bbox 830 4044 903 4114; x_wconf 85' lang='lat' dir='ltr'><strong>VII.</strong></span> 
     </span>
    </p>
   </div>
   <div class='ocr_carea' id='block_1_5' title="bbox 246 4231 1324 4322">
    <p class='ocr_par' dir='ltr' id='par_1_6' title="bbox 246 4231 1324 4322">
     <span class='ocr_line' id='line_1_29' title="bbox 246 4231 1324 4322; baseline -0.003 -20"><span class='ocrx_word' id='word_1_236' title='bbox 246 4237 278 4302; x_wconf 90' lang='lat' dir='ltr'>C.</span> <span class='ocrx_word' id='word_1_237' title='bbox 297 4239 323 4322; x_wconf 84' lang='lat' dir='ltr'>I,</span> <span class='ocrx_word' id='word_1_238' title='bbox 343 4239 393 4302; x_wconf 85' lang='lat' dir='ltr'>l‘l.</span> <span class='ocrx_word' id='word_1_239' title='bbox 412 4236 531 4303; x_wconf 86' lang='lat' dir='ltr'>Milites</span> <span class='ocrx_word' id='word_1_240' title='bbox 547 4239 641 4303; x_wconf 90' lang='lat' dir='ltr'>iussu</span> <span class='ocrx_word' id='word_1_241' title='bbox 661 4237 807 4302; x_wconf 89' lang='lat' dir='ltr'>Cleandri</span> <span class='ocrx_word' id='word_1_242' title='bbox 822 4239 1000 4302; x_wconf 83' lang='lat' dir='ltr'>hermestae</span> <span class='ocrx_word' id='word_1_243' title='bbox 1014 4255 1056 4300; x_wconf 81' lang='lat' dir='ltr'>ex</span> <span class='ocrx_word' id='word_1_244' title='bbox 1071 4235 1150 4300; x_wconf 90' lang='lat' dir='ltr'>urbe</span> <span class='ocrx_word' id='word_1_245' title='bbox 1164 4231 1324 4318; x_wconf 83' lang='lat' dir='ltr'>Byzantio</span> 
     </span>
    </p>
   </div>
   <div class='ocr_carea' id='block_1_6' title="bbox 198 4351 1325 4511">
    <p class='ocr_par' dir='ltr' id='par_1_7' title="bbox 198 4351 1325 4511">
     <span class='ocr_line' id='line_1_30' title="bbox 198 4351 1325 4439; baseline -0.002 -21"><span class='ocrx_word' id='word_1_246' title='bbox 198 4355 357 4437; x_wconf 82' lang='lat' dir='ltr'>exierunt,</span> <span class='ocrx_word' id='word_1_247' title='bbox 381 4354 491 4438; x_wconf 88' lang='lat' dir='ltr'>paucis</span> <span class='ocrx_word' id='word_1_248' title='bbox 515 4353 708 4436; x_wconf 90' lang='lat' dir='ltr'>quibusdam</span> <span class='ocrx_word' id='word_1_249' title='bbox 733 4354 876 4439; x_wconf 83' lang='lat' dir='ltr'>exceptis</span> <span class='ocrx_word' id='word_1_250' title='bbox 900 4351 930 4436; x_wconf 68' lang='grc'>(5</span> <span class='ocrx_word' id='word_1_251' title='bbox 954 4352 1023 4434; x_wconf 84' lang='grc'>12);</span> <span class='ocrx_word' id='word_1_252' title='bbox 1045 4352 1102 4417; x_wconf 90' lang='lat' dir='ltr'>sed</span> <span class='ocrx_word' id='word_1_253' title='bbox 1122 4370 1164 4416; x_wconf 86' lang='lat' dir='ltr'>ex</span> <span class='ocrx_word' id='word_1_254' title='bbox 1181 4352 1231 4434; x_wconf 89' lang='lat' dir='ltr'>iis,</span> <span class='ocrx_word' id='word_1_255' title='bbox 1244 4370 1325 4436; x_wconf 89' lang='lat' dir='ltr'>quae</span> 
     </span>
     <span class='ocr_line' id='line_1_31' title="bbox 1212 4459 1227 4511; baseline 0 0"><span class='ocrx_word' id='word_1_256' title='bbox 1212 4459 1227 4511; x_wconf 82' lang='lat'><strong>7</strong></span> 
     </span>
    </p>
   </div>
   <div class='ocr_carea' id='block_1_7' title="bbox 0 0 1696 5260">
    <p class='ocr_par' dir='ltr' id='par_1_8' title="bbox 0 0 1696 5260">
     <span class='ocr_line' id='line_1_32' title="bbox 0 0 1696 5260; baseline 0 0"><span class='ocrx_word' id='word_1_257' title='bbox 0 0 1696 5260; x_wconf 95' lang='lat' dir='ltr'> </span> 
     </span>
    </p>
   </div>
  </div>
 </body>
</html>
