3330 5262
866 638 930 702 374

338 823 463 901 μῶοθοιι,
488 841 570 907 quae
593 820 632 886 ab
657 823 726 906 ipso
750 820 964 905 Xenophonte
987 825 1043 884 aut
1065 840 1226 904 nusquam
1245 822 1280 883 in
1300 820 1459 898 οὶνοικεφοο-

336 936 454 1000 autera
476 937 552 1020 poni
574 939 729 1018 poterant,
751 940 808 998 aut
825 934 974 1018 ponenda
993 938 1083 996 erant
1103 952 1139 997 eo
1158 933 1237 1015 loco,
1249 953 1345 1016 quem
1359 953 1460 1018 supra

335 1049 483 1130 indicavi,
506 1047 539 1112 id
562 1052 610 1112 est
632 1047 667 1110 in
688 1045 753 1110 fine
776 1047 889 1130 capitis
911 1045 946 1108 1:
971 1046 1052 1110 nihil
1073 1047 1158 1109 enim
1180 1047 1328 1109 narravit
1347 1045 1459 1111 Xeno-

335 1162 432 1246 phon,
466 1180 483 1224 e
515 1179 579 1244 quo
609 1164 759 1243 appareat
787 1159 872 1223 solos
903 1178 973 1224 esse
1002 1159 1129 1224 relictos
1153 1159 1375 1243 Athenienses,
1400 1161 1458 1226 sed

337 1293 379 1339 ex
412 1275 514 1358 ipsius
543 1274 631 1357 pacis
660 1271 868 1335 Antalcideae
899 1270 1024 1356 legibus
1056 1291 1093 1336 ea
1122 1270 1228 1351 ἕρημίκ
1258 1272 1458 1337 nascebatur.

336 1386 552 1470 Desumptum
586 1390 692 1450 autem
727 1404 770 1449 ex
803 1386 915 1468 capitis
950 1383 967 1448 1
999 1384 1064 1449 fine
1098 1390 1201 1449 totum
1233 1386 1320 1449 huno
1349 1387 1458 1452 locum

336 1519 406 1564 esse
447 1519 465 1562 a
507 1497 615 1579 sciolo,
649 1498 707 1580 qui
746 1496 875 1561 brevem
910 1498 1052 1581 capitum
1084 1497 1119 1560 11
1153 1503 1185 1562 et
1217 1497 1268 1561 ΙΠ
1302 1499 1460 1564 addiderit

336 1617 551 1696 conspectum,
582 1611 657 1674 binc
685 1609 736 1673 vel
761 1611 902 1674 maxime
925 1616 1070 1694 apparet:
1094 1616 1167 1695 post
1188 1611 1277 1675 illam
1299 1610 1456 1692 οὶνοοκεφοι-

335 1724 452 1788 λοιίωοιν
483 1726 528 1788 ita
557 1723 740 1807 Xenophon
769 1742 900 1787 narrare
930 1725 1052 1808 pergit:
1083 1721 1190 1787 τούτων
1220 1723 1251 1786 δὲ
1274 1746 1457 1804 προκεχωρη-

335 1836 425 1914 κότων
455 1837 493 1907 ὡς
523 1834 684 1913 ἐβούλοντο.
707 1835 793 1900 illud
817 1841 923 1900 autem
949 1834 1206 1916 προκεχωρηκότων
1228 1837 1281 1901 hic
1304 1839 1460 1921 repetitur

337 1952 391 2016 sed
415 1950 632 2015 infelicissime
656 1954 686 2014 et
710 1954 819 2014 contra
843 1969 938 2014 sanae
963 1955 1136 2031 syntaxeos
1159 1950 1246 2034 leges
1269 1950 1457 2015 adhibetur:

335 2065 452 2148 legitur
475 2064 560 2128 enim
585 2059 841 2142 προκεχωρηκότων
862 2067 923 2134 τοῖς
942 2061 1182 2140 Λοοκεδοοιμονίοις
1202 2059 1290 2126 ὥστε.
1303 2109 1310 2126 .
1322 2109 1347 2128 ..
1370 2065 1459 2148 quod

341 2178 497 2243 Graecum
522 2198 587 2241 non
610 2182 665 2242 est.

381 2291 483 2376 Caput
508 2297 659 2375 quartum
684 2311 702 2354 a
724 2291 977 2375 philosphemate
998 2292 1136 2375 quodam
1156 2293 1195 2356 de
1215 2294 1458 2358 certanuminis

340 2408 441 2472 divini
471 2406 614 2469 vindicta
641 2405 762 2488 incipit,
793 2405 850 2468 sed
881 2424 921 2469 ne
944 2405 1024 2469 illud
1048 2406 1178 2489 quidem
1202 2427 1220 2470 a
1242 2405 1459 2490 Xenophonte

338 2523 492 2604 scriptum
517 2538 586 2584 esse
609 2519 782 2583 verisimile
804 2518 940 2582 videtur.
964 2517 1131 2583 Thebanae
1154 2521 1240 2584 enim
1261 2521 1342 2584 arcis
1363 2541 1457 2585 occu-

335 2635 421 2718 patio
445 2633 484 2696 ad
507 2631 590 2695 facta
613 2632 710 2714 impia
733 2629 878 2713 refertur,
896 2631 1064 2714 iustasque
1083 2632 1171 2696 illius
1191 2651 1310 2717 poenas
1330 2633 1458 2698 dedisse

328 2747 507 2832 ,Spartanos
544 2745 755 2809 contenditur.
790 2744 852 2809 Sed
884 2764 989 2828 neque
1018 2747 1053 2808 in
1084 2746 1171 2811 illius
1202 2749 1249 2810 rei
1272 2749 1457 2813 narratione

334 2867 399 2928 tam
430 2879 540 2944 severe
571 2864 603 2924 et
626 2858 738 2923 acerbe
761 2859 800 2923 de
823 2877 859 2922 ea
881 2858 1017 2922 iudicat:
1043 2862 1245 2942 acquiescere
1268 2881 1343 2925 eum
1367 2861 1456 2926 dieas

334 2978 368 3040 in
404 2974 547 3058 Agesilai
577 2974 703 3057 patroni
734 2973 785 3036 sui
815 2972 934 3036 iudicio
961 2972 1012 3056 (ss,
1037 2975 1106 3053 32):
1131 2973 1154 3036 st
1177 2971 1232 3051 μὲν
1255 2972 1395 3053 βνικβεροὶ
1416 2983 1455 3055 τῇ

333 3086 534 3164 Λοοκεδοοίμονι
565 3086 728 3166 πεπροοχως
759 3083 800 3159 εἴη
833 3085 1043 3169 (Phoebidas),
1073 3085 1180 3156 δίκοοιοο
1206 3084 1247 3160 εἴη
1271 3085 1454 3166 ζημιοῦσθαι,

334 3200 357 3264 εἷ
383 3199 414 3264 δὲ
438 3199 551 3277 acala,
575 3200 702 3280 ἀρχαῖον
725 3192 794 3261 εἷνοοι
819 3196 940 3275 νόμιμον
964 3194 1070 3272 ἕξεῖνοοι
1093 3198 1133 3262 τοὶ
1155 3204 1279 3263 τοιοοῦτοο
1303 3201 1454 3280 αὐτοσχε-

334 3313 451 3394 διάζειν,
476 3320 506 3379 et
530 3315 617 3398 quod
639 3317 672 3377 in
695 3314 751 3377 illa
774 3315 982 3397 occupatione
1003 3316 1160 3379 iniustum
1182 3317 1383 3399 impiumque
1396 3321 1454 3399 est,

333 3430 366 3494 id
402 3448 495 3493 omne
527 3449 545 3492 a
577 3428 699 3491 ctottote
730 3427 958 3510 Spartanorum
990 3429 1025 3491 in
1058 3433 1153 3513 caput
1176 3431 1231 3490 τῶν
1255 3428 1453 3506 οιύτοοχεδιοι-

332 3539 437 3622 ζόντων
461 3545 644 3605 convertere
669 3539 849 3623 Xenophon
872 3541 993 3605 nititur.
1017 3539 1116 3605 Haud
1136 3560 1210 3626 ergo
1232 3541 1393 3625 probabile
1404 3546 1454 3606 est

333 3655 577 3739 Xenophontem
614 3673 789 3738 paucarum
823 3656 1011 3738 paginarum
1048 3657 1149 3739 spatio
1183 3661 1247 3720 tam
1282 3662 1387 3740 aperte
1420 3663 1454 3722 et

332 3773 439 3853 inepte
475 3769 535 3834 sibi
570 3768 709 3851 obloqui.
744 3767 806 3833 Sed
840 3768 1008 3832 videamus
1043 3769 1324 3854 philosophematis
1357 3773 1453 3837 istius

334 3902 528 3947 sermonem:
562 3881 608 3945 ibi
638 3883 723 3946 enirn
746 3883 858 3945 insunt
882 3882 1049 3965 quaedam,
1075 3902 1157 3965 quae
1181 3884 1348 3949 manifesto
1371 3887 1453 3950 seio-

331 3996 399 4060 lum
431 3996 586 4079 produnt:
617 3996 707 4058 inani
730 3993 853 4057 laborat
877 3994 1076 4062 verbositate.
1101 4015 1182 4079 quae
1206 3997 1332 4061 nullum
1355 3997 1453 4061 lecto-

332 4129 397 4173 rem
421 4109 531 4193 fugere
552 4115 664 4194 potest,
686 4116 717 4173 et
736 4128 811 4193 prae
833 4111 946 4173 ceteris
967 4109 1031 4172 duo
1051 4115 1136 4191 sunt,
1149 4131 1231 4194 quae
1244 4111 1450 4196 displiceant:

333 4225 409 4288 dicit
442 4226 527 4288 enim
562 4224 636 4290 deos
666 4245 731 4288 non
761 4223 887 4299 οὶροελεῖν
919 4220 984 4286 οὔτε
1013 4227 1069 4285 τῶν
1100 4223 1284 4301 οὶοεβούντων
1308 4223 1371 4289 οὔτε
1393 4231 1451 4290 τῶν

330 4335 432 4402 datura
462 4335 621 4400 ποιούντων.
646 4337 743 4401 Nulla
765 4341 871 4401 autem
895 4341 943 4400 est
967 4337 1143 4402 differentia
1165 4339 1250 4402 inter
1273 4337 1390 4416 ἀσεβεῖν
1415 4347 1448 4406 et
