3354 5268
748 570 787 632 61

209 755 374 838 expungit,
407 755 497 818 nullo
530 755 624 819 modo
656 755 773 839 probo:
806 776 880 819 narn
905 775 1009 840 neque
1033 758 1130 821 semel
1154 777 1258 841 neque
1282 757 1331 822 bis

211 866 410 950 Sophaeneto
446 876 617 932 memorato
652 869 804 952 impletur
834 889 989 934 numerus
1024 870 1216 934 Graecorum
1249 871 1331 935 mili-

210 987 290 1062 tum,
314 982 410 1064 qni§
437 983 455 1044 9
479 980 532 1044 fin.
555 981 655 1046 fuisse
679 983 803 1046 dicitur.
827 982 928 1046 Multo
952 1003 1027 1067 ergo
1047 983 1212 1048 lubentius
1232 985 1331 1048 altero

209 1095 280 1158 loco
312 1115 385 1158 cunr
417 1093 562 1176 Kochlyo
594 1115 650 1180 pro
683 1094 861 1175 Σοφαίνετος
889 1095 901 1158 ν’
925 1094 1035 1175 Ἀρκοὶς
1058 1097 1161 1181 legam
1184 1096 1332 1175 Ἀρίαςό

211 1203 331 1287 Ἀρκοέςζ
355 1207 479 1272 Deinde
503 1210 521 1290 ξ
548 1211 566 1272 3
591 1211 784 1274 enumeratis
807 1209 1015 1292 Sophaencto,
1035 1210 1333 1295 SocrataPesione,

212 1322 376 1386 adduntur
406 1323 500 1386 haec:
532 1315 565 1394 ἦν
589 1319 620 1385 δέ
643 1320 691 1385 καὶ
715 1317 794 1394 οὗτος
818 1322 957 1406 (Pession)
982 1329 1033 1386 καὶ
1058 1323 1072 1386 o‘
1096 1323 1253 1405 Σωκροέτνς
1276 1328 1333 1388 τῶν

211 1433 298 1515 ἀμφὶ
340 1434 471 1508 Μέλητον
509 1435 749 1515 στρατευομένων.
787 1437 857 1500 Hac
892 1443 999 1502 autem
1035 1442 1157 1503 ratione
1192 1445 1222 1504 et
1258 1441 1332 1523 quis

211 1552 307 1615 inerit
334 1551 560 1636 SophaenetuS,
584 1553 715 1636 etquid
739 1557 813 1616 ante
836 1551 912 1634 Cyri
936 1553 1171 1636 expeditionem
1195 1555 1229 1617 in
1253 1555 1333 1617 Asia

213 1667 320 1750 egerit,
354 1667 387 1728 in
418 1665 557 1731 tenebris
588 1667 672 1748 latet,
705 1687 779 1729 nam
802 1665 924 1730 Socrati
947 1672 978 1730 et
1001 1666 1131 1730 Pasioni
1155 1669 1335 1750 opponitur,

212 1782 232 1843 i.
254 1799 278 1844 e.
309 1781 342 1842 in
375 1799 509 1844 numero
537 1782 667 1862 ducum,
692 1782 746 1864 qui
778 1783 884 1863 copias
908 1801 983 1844 suas
1007 1782 1046 1844 ad
1070 1780 1214 1845 Miletum
1239 1781 1333 1844 habe-

215 1893 299 1974 bant,
322 1893 423 1957 fuisse
448 1900 587 1979 negatur.
612 1894 685 1957 Non
708 1900 823 1975 tamen,
849 1901 885 1957 ut
908 1894 1002 1957 modo
1023 1893 1175 1976 dicebam,
1196 1893 1333 1957 Dindor·

213 2007 292 2071 fium
328 2027 453 2090 sequar,
489 2011 546 2092 qui
577 2029 602 2072 c.
633 2008 666 2071 ΙΙ
696 2009 715 2089 ς
740 2011 758 2070 3
782 2006 961 2085 Σοφαίνετος
985 2046 1026 2054 --
1050 2007 1163 2086 χιλίους
1187 2009 1281 2090 delet,
1303 2013 1335 2072 et

216 2127 344 2205 propter
367 2123 529 2205 copiarum
554 2142 725 2186 numerum
749 2123 778 2203 (ἓ
804 2124 844 2202 9),
867 2128 898 2185 et
922 2125 997 2205 quia
1020 2124 1064 2185 ita
1088 2123 1184 2186 altera
1207 2127 1333 2186 tantum

216 2234 386 2298 difficultas
409 2240 599 2316 removetur,
623 2236 720 2299 altera
740 2241 863 2299 manet:
885 2235 964 2298 nihil
984 2237 1068 2298 enim
1082 2235 1121 2298 de
1134 2234 1333 2318 Sophaeneto

217 2349 449 2431 cognoscimus,
488 2368 594 2432 neque
633 2350 706 2432 quis
739 2349 845 2430 fuerit,
880 2367 985 2430 neque
1022 2366 1120 2430 quare
1154 2349 1188 2410 in
1222 2349 1334 2411 Asiam

216 2462 347 2524 venerit.
382 2461 560 2525 Retinenda
594 2480 668 2545 ergo
700 2480 812 2525 censeo
845 2479 927 2544 quae
958 2459 1144 2524 Dindorfius
1169 2461 1335 2544 expungit,

217 2575 274 2638 scd
306 2574 438 2638 delenda
468 2576 504 2656 (c.
531 2573 573 2656 Π,
598 2577 628 2654 3)
652 2574 749 2638 verba
772 2572 822 2637 καὶ
847 2573 860 2636 ι’
883 2572 1058 2652 Σωκρατκςς
1083 2575 1218 2637 sionna
1241 2593 1335 2658 opera

217 2689 298 2752 diras
328 2708 390 2770 res,
419 2709 499 2772 quas
531 2690 723 2772 quaerimus,
747 2687 969 2752 obtinebimus.
1002 2687 1106 2751 Simul
1129 2689 1214 2751 enim
1240 2708 1336 2771 appa-

215 2804 299 2868 rebit
322 2805 340 2886 §
365 2805 384 2866 9
407 2802 598 2888 Sophaeneti
620 2821 737 2868 nomen
761 2821 888 2866 manere
909 2820 973 2864 non
993 2817 1096 2885 posse,
1115 2801 1171 2864 sed
1198 2799 1337 2882 Kbohlyi

218 2921 433 2982 coniecturam
455 2917 667 3001 recipiendam
692 2935 769 2981 esse.

263 3032 429 3096 Praeterea
459 3032 477 3113 ᾗ
510 3032 528 3093 2
553 3030 687 3094 delenda
710 3030 862 3093 videntur
885 3028 982 3092 verba
1006 3027 1172 3111 quaedam,
1197 3046 1279 3111 qnae
1303 3033 1334 3091 et

217 3146 346 3210 inutilia
380 3150 464 3227 sunt,
499 3150 529 3209 et
561 3146 774 3208 narrationem
806 3142 1009 3226 perturbant:
1043 3139 1094 3204 nal
1129 3139 1273 3218 λαβόντες
1297 3140 1337 3204 τοὶ

218 3255 297 3322 ὃίιλα
328 3263 462 3337 παρῆσαν
492 3259 532 3329 εἱς
562 3254 689 3336 Σάρδεις.
715 3255 797 3320 Nam
823 3256 996 3339 particulae
1020 3254 1075 3331 μὲν
1099 3253 1133 3328 δή
1159 3274 1284 3338 semper
1306 3259 1337 3319 et

218 3373 340 3457 ubique
362 3373 395 3435 in
419 3371 507 3434 initio
528 3371 776 3436 enumerationis
795 3375 968 3454 ponuntur.
988 3367 1058 3444 Quo
1078 3369 1161 3432 facto
1182 3367 1336 3432 inverbis

220 3489 252 3570 (ξ
277 3491 306 3570 3)
331 3491 386 3551 τῶν
409 3483 495 3566 ἀμφὶ
519 3485 651 3559 Μίλητον
671 3481 903 3565 στρατευομένων
922 3484 1033 3548 exules
1056 3503 1184 3566 quoque
1196 3482 1337 3546 Milesios

217 3603 351 3666 indicari
374 3600 552 3685 putandum
581 3604 637 3663 est.

265 3714 296 3778 O.
327 3714 370 3796 II,
394 3716 436 3777 24
467 3711 576 3784 ταύτην
599 3709 651 3783 τὴν
672 3709 755 3775 πόλιν
779 3707 909 3783 ἐξέλιπον
932 3709 955 3773 οἱ
978 3710 1167 3779 ἐνοικοῦντες.
1259 3705 1337 3778 πλὴν

219 3827 242 3891 οἱ
276 3826 316 3890 τὰ
346 3832 499 3898 καπηλεῖα
530 3822 659 3905 ἔχοντες·
690 3822 806 3901 ἔροειναν
831 3823 861 3886 δὲ
883 3821 936 3886 καὶ
960 3822 983 3885 οἱ
1005 3821 1087 3900 παρα
1108 3819 1161 3892 τῖον
1185 3818 1337 3884 έοέλατταν

219 3940 358 4012 οἰκοῦντες
388 3940 417 4004 ἐν
438 3937 538 4010 Σόλοις
561 3935 613 4001 καὶ
636 3938 665 4000 έν
688 3937 804 4008 Ἰσσοῖς.
830 3936 973 4000 Verbum
997 3932 1113 4012 ἔμειναν
1136 3936 1181 3998 ita
1207 3934 1336 3998 demum

220 4062 305 4120 recte
338 4052 617 4118 coniunctionibus
648 4051 679 4114 δὲ
709 4048 760 4114 καὶ
793 4049 1058 4135 praecedentibus
1090 4049 1286 4130 adiiceretur,
1310 4051 1339 4112 si

221 4175 413 4252 narraretur,
444 4168 528 4252 quod
558 4187 661 4252 genus
685 4167 851 4230 hominum
875 4177 998 4250 praeter
1020 4165 1182 4227 institores
1207 4163 1241 4225 ι’νι
1262 4162 1338 4226 urbe

225 4284 333 4349 Tarsis
366 4284 578 4348 remansisset.
614 4280 709 4346 Nunc
744 4281 843 4345 urbes
878 4281 1054 4343 maritimae
1088 4277 1163 4341 urbi
1193 4277 1338 4340 mediter·
