3354 5268
745 635 786 717 ai

196 840 244 899 est.
266 854 324 920 pro
347 835 531 917 machinata)
554 855 682 920 ,eaque
701 838 769 901 sola
788 838 965 903 discordiae
978 840 1062 902 inter
1072 833 1319 925 Xenophontem

196 953 227 1012 et
246 947 471 1032 Chirisophum
492 969 589 1014 causa
606 949 677 1029 fnit,
699 950 785 1034 quod
799 950 912 1016 ducem
926 953 1115 1036 castigatum
1127 972 1194 1016 non
1206 954 1321 1019 melius

197 1061 418 1127 custodisset’'.
452 1062 513 1127 His
543 1062 650 1127 verbis
680 1063 894 1147 lepidissimae
925 1085 1002 1129 suae
1027 1067 1201 1131 narrationi
1223 1067 1322 1132 finem

195 1175 272 1239 facit
292 1175 484 1260 Xenophon,
508 1177 601 1240 cuius
625 1195 684 1260 ego
707 1175 837 1241 brevem
859 1178 1020 1261 quandam
1040 1185 1160 1263 partem
1174 1180 1321 1245 consulto

196 1289 333 1373 neglexi,
369 1291 444 1373 quia
479 1290 518 1354 de
552 1309 588 1352 aa
619 1289 783 1374 disputare
814 1290 970 1372 nolebam,
1002 1293 1191 1376 priusquam
1221 1294 1321 1358 totius

195 1403 386 1466 narrationis
422 1408 648 1486 argumentum
677 1403 717 1466 ad
747 1402 845 1466 finem
877 1403 1120 1487 perduxissem
1146 1410 1259 1489 estque
1284 1425 1322 1470 ea

196 1537 269 1601 pars
293 1517 460 1599 eiusmodi,
482 1521 519 1580 ut
542 1518 618 1580 satis
642 1517 751 1580 mirari
775 1535 841 1580 non
864 1519 994 1600 possim,
1016 1518 1143 1581 nullum
1167 1518 1320 1583 editorem
1364 1527 1367 1532 ’

197 1629 373 1713 quidquam
396 1630 578 1714 explicandi
600 1629 897 1713 interpretandique
921 1649 1018 1694 causa
1036 1636 1223 1710 annotasse3
1246 1651 1321 1695 nam

196 1744 302 1808 hercle
333 1763 397 1808 non
429 1745 531 1809 solent
559 1745 616 1827 qui
639 1763 727 1808 nnnc
751 1749 897 1808 auctores
922 1743 1060 1809 Graecos
1083 1745 1264 1809 scholarum
1287 1746 1322 1808 in

196 1878 292 1922 usum
316 1858 480 1922 illustrant
503 1857 629 1921 chartae
651 1857 825 1941 verbisque
848 1877 994 1942 parcere:
1016 1878 1109 1943 saepe
1132 1857 1322 1942 ambagibus

197 1973 265 2036 suis
289 1971 440 2055 impedita
464 1971 605 2035 reddunt
629 1990 674 2053 ea,
696 1973 730 2035 in
755 1971 874 2056 quibus
898 1972 987 2036 nulla
1010 1977 1058 2036 est
1081 1972 1235 2036 molestia.
1258 1971 1322 2035 Hic

196 2092 305 2148 tamen
328 2085 427 2165 locus,
450 2084 488 2147 de
512 2103 576 2167 quo
602 2103 690 2148 nunc
711 2105 782 2149 sum
803 2085 1035 2168 disputaturus,
1057 2084 1195 2168 profecto
1214 2085 1322 2168 aliqua

196 2199 400 2262 annotatione
431 2198 641 2281 dignissimus
674 2203 748 2261 erat.
777 2197 849 2261 Non
874 2200 961 2262 enim
985 2217 1102 2282 pueros
1127 2198 1242 2280 solum,
1266 2198 1322 2262 sed

196 2313 291 2376 etiam
322 2312 487 2390 doctiores,
518 2313 574 2394 qui
609 2311 664 2374 diu
688 2310 892 2394 multumque
914 2312 948 2374 in
971 2311 1072 2374 literis
1095 2312 1213 2375 versati
1236 2317 1322 2392 sunt,

196 2427 230 2489 in
273 2444 412 2489 errorem
452 2424 604 2488 inducere
645 2429 757 2508 potest,
795 2426 894 2489 immo
929 2425 1016 2488 haud
1051 2424 1148 2488 dubie
1181 2424 1322 2506 inducet,

195 2539 260 2602 nisi
300 2539 341 2603 ad
383 2557 453 2602 eam
493 2538 722 2623 interpretandi
762 2540 919 2603 rationem
957 2538 1168 2622 confugerint,
1203 2558 1222 2602 a
1258 2558 1323 2623 qua

196 2653 421 2738 Xenophontis
457 2655 574 2738 scripta
606 2654 801 2718 alienissima
831 2674 901 2719 esse
931 2655 1091 2737 videntur,
1120 2654 1155 2718 id
1186 2659 1234 2718 est
1257 2655 1321 2718 nisi

194 2768 349 2832 finxerint
380 2767 628 2852 Xenophontem
659 2787 773 2852 parum
806 2773 952 2832 accurate
984 2773 1015 2832 et
1038 2767 1207 2832 obscurius
1230 2767 1320 2830 locu-

197 2889 268 2948 tum
292 2902 373 2948 esse.

240 2997 373 3082 Legitur
402 2999 487 3062 enim
519 2987 621 3080 capite
652 2995 701 3059 VI
734 2996 753 3077 ξ
783 2995 819 3058 1;
843 2991 907 3057 ἐπεὶ
931 2993 962 3056 δὲ
985 2992 1081 3073 ἡμέραι
1104 2987 1138 3066 ἦν
1160 2993 1245 3071 lytra
1270 2994 1319 3057 τὸν

197 3108 252 3189 μὲν
283 3108 415 3188 ἡγεμόνα
445 3109 628 3190 παραδίδωσι
659 3105 827 3189 Χειρισόφῳ,
859 3106 925 3179 τοὺς
955 3106 987 3170 δὲ
1009 3105 1123 3178 οἰκέταις
1145 3105 1319 3170 καταλείπει

196 3225 237 3304 τῷ
271 3223 428 3304 contexa.
465 3223 545 3301 Quis
575 3244 639 3288 non
670 3224 772 3288 obiter
795 3223 873 3287 haec
896 3222 1075 3306 adspiciens
1098 3223 1143 3285 ita
1166 3221 1320 3285 vertenda

197 3358 268 3403 esse
290 3344 396 3422 putet:
425 3339 567 3420 „ducem
591 3336 777 3420 Chirisopho
800 3335 904 3418 tradit,
924 3335 1010 3419 apud
1032 3336 1105 3419 pagi
1122 3334 1320 3419 praefectum

196 3452 368 3517 familiares
391 3454 461 3517 eius
484 3449 682 3535 relinquit''?
705 3448 776 3513 Hoc
801 3451 885 3512 enim
910 3447 1030 3512 Graece
1050 3449 1107 3531 qui
1126 3446 1230 3511 dicere
1242 3445 1321 3528 vult,
1429 3486 1431 3491 ·

198 3585 304 3651 neque
337 3567 407 3630 aliis
441 3564 547 3630 verbis
582 3584 679 3648 quam
715 3581 798 3647 quae
832 3582 921 3626 nunc
952 3561 1039 3646 apud
1071 3560 1319 3644 Xenophontem

197 3682 350 3766 leguntur
380 3681 437 3762 uti,
459 3698 564 3763 neque
588 3697 625 3742 ea
648 3678 709 3741 alic
733 3677 844 3741 ordine
867 3695 984 3760 ponere
1007 3680 1119 3760 potest
1144 3674 1321 3738 Videamus

197 3815 282 3880 ergo,
304 3795 382 3879 quid
404 3813 446 3858 ex
467 3795 508 3857 iis
532 3792 637 3857 verbis
660 3796 856 3875 sequeretur,
880 3791 908 3854 si
928 3809 997 3854 eam
1020 3785 1322 3853 sententiamhabe-

197 3914 277 3992 rent,
307 3928 403 3992 quam
434 3908 658 3990 grammaticae
681 3906 768 3988 leges
791 3905 831 3967 iis
854 3901 1005 3987 praehere
1028 3899 1148 3964 iubent.
1171 3899 1318 3963 Primum

197 4024 344 4087 diversus
379 4027 463 4086 esset
493 4021 562 4085 dux
591 4039 611 4083 a
635 4021 709 4102 pagi
732 4017 909 4102 praefecto:
934 4015 1087 4079 videntur
1110 4014 1196 4078 enim
1220 4011 1321 4077 verba

196 4136 330 4214 ἡγεμόνα
353 4143 384 4200 et
406 4135 553 4213 nonatpxn
577 4134 662 4198 inter
685 4152 718 4197 se
741 4132 866 4216 opponi.
886 4128 967 4192 Tum
989 4126 1322 4209 domimaneretpagi

195 4249 382 4334 praefectus,
406 4247 470 4324 Qui
492 4248 578 4312 enim
600 4245 666 4317 τοὺς
686 4244 800 4316 οἰκέτας
820 4243 860 4323 τῷ
884 4239 1032 4321 κωμάρχῃ
1046 4238 1231 4312 καταλείπει,
1245 4258 1321 4303 cum

196 4363 375 4447 quotidiani
405 4362 561 4426 sermonis
592 4380 672 4425 usus
697 4359 838 4443 postulat
860 4361 898 4421 ut
921 4355 1150 4440 intelligamus,
1175 4355 1316 4438 primum

1208 4462 1226 4514 6
