3352 5260
851 597 915 664 144

326 789 383 871 qui
406 807 476 853 eam
500 790 645 852 accurate
667 787 845 871 perlegerit,
864 790 1058 872 negaturum
1079 805 1150 852 esse
1162 789 1282 872 opinor.
1294 785 1336 852 Et
1349 807 1446 872 quor-

328 919 410 982 sum,
444 918 573 983 quaeso,
605 904 672 964 tota
703 900 759 964 illa
794 900 968 984 disputatio
999 901 1161 985 pertinet?
1194 901 1268 966 Sive
1299 903 1385 967 enim
1410 903 1454 967 ad

331 1013 565 1079 defendendum
596 1013 766 1096 Socratem,
791 1015 859 1078 sive
888 1014 929 1078 ad
953 1015 1023 1079 eius
1043 1015 1229 1078 memoriam
1252 1015 1453 1080 recolendam

331 1126 551 1192 Memorabilia
584 1129 704 1212 scripta
737 1131 822 1209 sunt,
856 1128 963 1211 inepte
994 1128 1097 1211 posita
1127 1132 1183 1192 est
1207 1126 1287 1204 Quis
1309 1129 1455 1192 enimin

332 1241 490 1305 eiusmodi
523 1240 604 1305 libro
637 1241 774 1305 libenter
802 1240 882 1306 ferat
912 1240 1073 1307 Socratem
1106 1244 1231 1326 magnis
1263 1241 1455 1327 ambagibus

331 1373 391 1420 nec
421 1355 490 1419 sine
520 1356 700 1439 arrogantia
733 1354 772 1419 do
793 1354 858 1418 illis
880 1354 977 1419 rebus
1001 1354 1230 1440 disputantem,
1254 1375 1336 1440 quas
1362 1374 1455 1421 nemo

332 1469 480 1552 ignorare
513 1469 613 1552 possit
647 1487 722 1533 eum
752 1470 884 1534 minime
917 1469 1069 1535 curasse?
1092 1467 1134 1535 ut
1157 1491 1253 1554 quam
1277 1470 1456 1536 absurdum

334 1585 383 1646 ast
416 1579 583 1654 affirmare,
613 1600 705 1660 saepe
739 1581 779 1646 de
807 1581 954 1646 domibus
976 1582 1182 1648 aedificandis
1205 1582 1365 1648 Socratem
1389 1586 1457 1647 tam

332 1696 443 1759 ieiuna
477 1699 509 1759 et
539 1693 673 1759 verbosa
704 1695 863 1779 colloquia
894 1695 1089 1761 instituisse:
1112 1697 1173 1760 hoc
1195 1699 1280 1761 enim
1305 1716 1322 1762 e
1344 1696 1457 1762 verbis

332 1806 430 1878 ἐπειδὴ
455 1812 609 1886 συμφαῖεν
633 1808 796 1871 discimus.
821 1809 866 1872 At
885 1809 980 1892 euim,
1003 1809 1133 1893 dixeris,
1156 1808 1339 1894 Xenophon
1363 1829 1456 1874 suam

334 1921 403 2004 ipse
437 1920 612 1984 doctrinam
645 1918 767 1984 Socrati
792 1920 914 2001 tribuit,
937 1921 1025 2005 quod
1047 1941 1122 1986 eum
1146 1928 1178 1987 et
1200 1922 1358 2008 capitibus
1382 1923 1402 1985 5
1424 1927 1458 1987 et

335 2033 354 2095 6
387 2033 461 2097 libri
495 2035 582 2097 tertii
610 2033 725 2098 fecisse
756 2052 867 2098 omnes
897 2041 1085 2118 agnoscunt.
1108 2034 1182 2099 Non
1205 2035 1328 2120 negabo
1351 2036 1458 2101 Xeno-

331 2145 500 2226 phonteam
521 2147 610 2210 illam
633 2146 672 2211 de
695 2146 845 2211 domibus
867 2146 1071 2212 aedificandis
1095 2147 1271 2213 doctrinam
1291 2167 1378 2229 esse;
1400 2149 1458 2214 sed

334 2279 449 2344 parum
471 2259 644 2324 verisimile
666 2259 801 2342 ridetur,
824 2258 1072 2345 Xenophontem
1095 2261 1193 2326 semel
1213 2280 1283 2326 eam
1304 2281 1363 2327 suo
1384 2261 1457 2326 loco

335 2377 472 2456 aptaque
495 2371 648 2436 brevitate
670 2372 852 2457 protulisse,
876 2373 974 2437 semel
997 2373 1131 2438 eandem
1154 2375 1199 2438 ad
1214 2373 1457 2455 philosophicum

336 2485 586 2568 disputationem,
620 2506 639 2550 a
674 2506 738 2570 qua
768 2486 862 2570 plane
892 2486 1067 2570 abhorreat,
1097 2487 1289 2553 adhibuisse.
1321 2489 1460 2574 Egregia

336 2600 423 2662 enim
448 2604 524 2663 sunt
547 2617 631 2682 quae
655 2599 694 2663 de
717 2599 828 2663 eodem
850 2606 1038 2683 argumento
1062 2600 1215 2685 leguntur
1237 2600 1311 2666 Oec.
1333 2601 1391 2683 IX,
1416 2603 1456 2665 4:

336 2709 388 2776 καὶ
420 2710 586 2790 σύμπασαν
612 2711 643 2776 δέ
665 2711 717 2784 rto
741 2711 829 2776 αἰκίαν
852 2709 986 2786 ἐπέδειξα
1009 2713 1087 2794 αὐτῇ
1111 2711 1153 2777 ὅτι
1176 2714 1245 2795 πρὸς
1267 2713 1460 2796 μεσημβρίαν

336 2824 558 2900 ἀναπέπταται,
593 2823 664 2899 ὥστε
693 2823 811 2898 εὔδηλον
841 2820 912 2889 εἶναι
942 2823 984 2890 ἔτι
1007 2830 1153 2906 χειμῶνας
1177 2827 1232 2905 μὲν
1254 2825 1361 2900 εὔειλές
1384 2829 1456 2901 έσπι,

336 2942 386 3003 σοῦ
408 2939 439 3003 δὲ
462 2938 553 3020 θέρους
575 2936 693 3010 εὔσκιον.
720 2938 812 3016 Quod
836 2945 944 3004 autem
962 2941 1173 3005 elocutionem
1186 2940 1328 3005 dicebam
1342 2961 1456 3026 parum

338 3054 512 3137 elegantem
545 3073 623 3135 esse,
648 3055 749 3137 magis
780 3054 840 3118 hoc
864 3057 1001 3119 sentitur
1023 3075 1120 3139 quam
1144 3057 1239 3120 certis
1262 3058 1460 3141 argumentis

338 3166 589 3231 demonstratur:
626 3168 681 3231 sed
715 3186 817 3231 unum
853 3173 1077 3252 argumentum
1106 3167 1244 3251 afferam,
1274 3188 1339 3253 quo
1371 3173 1458 3233 certo

338 3282 456 3344 certius
480 3284 636 3364 appareat,
659 3279 866 3364 Xenophonti
885 3281 972 3345 huno
990 3281 1097 3345 locum
1120 3280 1367 3346 abiudicandum
1380 3298 1460 3345 esse.

338 3392 470 3478 Legitur
500 3394 586 3458 enim
618 3394 637 3475 ξ
666 3395 701 3456 9;
726 3392 739 3456 ὃ
762 3389 840 3465 ἥλιος
862 3393 947 3456 σκιὰν
971 3392 1104 3474 παρέχει.
1130 3393 1210 3470 Quis
1232 3396 1267 3459 in
1291 3394 1460 3459 scribendo

338 3507 434 3591 paulo
457 3508 610 3572 versutior
632 3509 677 3571 ita
701 3507 838 3573 scribere
859 3508 985 3592 possit?

384 3619 416 3684 (l.
439 3619 491 3684 IX
514 3621 609 3684 1-3.
635 3620 851 3685 Miserrimum
874 3621 961 3685 hunc
984 3621 1091 3686 locum
1115 3641 1185 3687 csse
1208 3621 1368 3686 declarare
1389 3641 1456 3685 non

338 3753 459 3799 vereor.
490 3734 728 3820 Ineptissimum
761 3736 847 3798 enim
877 3733 1007 3799 affertur
1036 3735 1106 3800 eius
1137 3736 1298 3818 reiquae
1328 3735 1458 3800 demon-

340 3851 466 3931 stratur,
496 3847 688 3932 exemplum.
719 3847 875 3912 Auferte
899 3866 945 3930 ec,
968 3847 1054 3931 quod
1076 3867 1182 3932 nequa
1205 3847 1341 3930 Scythae
1364 3847 1459 3933 Spar-

339 3965 441 4045 tanos,
474 3981 581 4046 neque
614 3961 760 4046 Spartani
791 3961 924 4044 Scythas
948 3963 1105 4026 sustinere
1128 3962 1276 4045 audeant,
1300 3965 1362 4028 nisi
1388 3964 1457 4029 suis

339 4075 468 4158 utrique
501 4075 650 4140 instructi
684 4076 748 4140 sint
778 4076 883 4157 armis,
914 4074 1033 4158 quibus
1062 4075 1109 4140 uti
1132 4075 1312 4158 didicerint,
1334 4076 1461 4161 probari

341 4207 452 4253 censes
474 4190 625 4254 virtutem
646 4189 751 4253 doceri
769 4189 886 4273 posse?
907 4187 1046 4254 Nullane
1064 4208 1139 4274 ergo
1151 4188 1343 4271 Scytharum
1355 4191 1460 4255 virtus

341 4307 398 4382 est,
432 4302 459 4368 si
494 4302 617 4387 sagittis
650 4304 719 4366 suis
752 4302 901 4367 audacter
931 4302 1102 4387 Spartanos
1133 4302 1304 4388 lacessunt,
1328 4303 1460 4370 nullane
