3352 5260
731 623 792 683 147

196 805 341 870 faciendo
372 808 468 871 anxie
498 812 529 871 et
559 812 705 871 accurate
736 808 844 870 omnia
873 808 937 872 sint
964 808 1150 892 colligenda,
1178 829 1260 892 quae
1284 811 1324 874 ad

198 925 363 984 externam
394 921 532 1004 speclem
559 922 747 1003 pertineant,
771 940 813 984 en
844 921 957 985 ceteris
982 923 1110 986 omissis
1135 941 1171 986 ea
1195 926 1325 1007 potissi-

200 1053 290 1097 mum
317 1039 530 1117 spectatorum
554 1034 656 1098 oeulis
680 1035 746 1097 sint
767 1034 983 1119 proponenda,
1008 1035 1094 1100 unde
1117 1056 1209 1101 mens
1232 1038 1325 1101 indo-

199 1145 310 1229 lesque
333 1146 472 1210 hominis
495 1149 645 1230 cognosci
667 1148 776 1230 possit.
797 1147 905 1231 Atque
925 1147 1007 1210 hano
1029 1148 1160 1232 quidem
1173 1150 1325 1234 colloquii

200 1280 273 1325 cum
297 1259 420 1325 Clitone
443 1263 633 1326 sententiam
655 1280 733 1344 esse,
757 1261 871 1326 melius
896 1263 991 1326 etiam
1012 1262 1144 1346 videbis,
1167 1265 1195 1328 si
1217 1283 1325 1328 ernen-

200 1374 360 1439 dationem
384 1375 544 1458 quandam
568 1394 672 1439 meam
694 1374 888 1459 probaveris,
913 1394 997 1459 quae
1018 1381 1050 1440 et
1069 1378 1254 1442 verisimilis
1268 1383 1324 1461 est,

200 1494 239 1571 et
274 1491 311 1552 ut
344 1489 422 1552 milri
453 1489 583 1573 quidem
612 1490 748 1572 videtur,
772 1494 857 1554 certa
880 1495 911 1554 et
932 1493 1120 1555 necessaria.
1144 1491 1323 1576 Postquam

200 1603 295 1685 enim,
331 1604 524 1668 assentiente
554 1602 686 1686 Clitone,
717 1604 755 1667 de
786 1603 974 1689 corporIbus
1006 1605 1236 1669 demonstrant
1260 1610 1323 1676 τοῖς

200 1720 255 1778 τῶν
283 1713 396 1796 ζώντων
426 1713 531 1780 εἴδεσιν
553 1714 720 1797 ἀπεικάζων
743 1716 777 1781 τὸ
800 1714 880 1797 ἔργον
902 1715 1110 1798 ζωτικωτέρους
1133 1724 1223 1791 οιοιεῖς
1248 1717 1323 1800 cal-

199 1829 294 1920 νεοθοοι
327 1829 394 1900 τοὺς
429 1827 611 1910 ἀνδριάντος,
648 1831 687 1894 de
722 1835 827 1894 mente
856 1831 1004 1895 instituta
1035 1832 1222 1914 quaestione
1244 1833 1323 1896 haee

200 1942 326 2008 confieIt
355 1945 385 2026 (ξ
417 1946 437 2008 8
469 1946 575 2025 extul:
603 1943 652 2008 ter
672 1940 729 2023 ἄρον
752 1943 801 2007 τὸν
825 1942 1053 2024 οὶνδριοοντοοιοιὸν
1076 1942 1117 2008 τοι
1140 1949 1194 2018 τῆς
1217 1949 1324 2024 ψυχῆς

198 2053 283 2145 ἔργονΙ
305 2056 345 2136 τῷ
379 2054 449 2121 εἴδει
484 2054 686 2137 προοειιιοὶζειν.
721 2055 907 2141 Legendum
942 2058 1071 2141 opiner:
1107 2057 1155 2121 δεῖ
1185 2055 1242 2139 ἔιροι
1274 2058 1323 2123 τὸν

199 2170 427 2250 ἀνδριαντοποιὸν
460 2170 501 2234 τοὶ
533 2167 606 2250 ἔργον
635 2170 675 2250 τῷ
706 2175 760 2243 τῆς
790 2175 895 2249 ψυχῆς
918 2166 989 2233 εἴδει
1012 2168 1213 2251 προςειιιιέζειν.
1239 2172 1322 2236 Nam

198 2280 271 2364 ἔργον
305 2284 474 2348 simulacra
508 2289 593 2366 sunt,
622 2303 723 2368 eaque
755 2283 908 2348 artificem
942 2289 1065 2368 oportet
1087 2282 1256 2364 ἀπεικάζειν
1280 2285 1320 2365 τῷ

198 2403 251 2471 τῆς
275 2401 380 2477 ψυχῆς
402 2395 481 2470 εἴδει,
500 2400 520 2461 i.
533 2418 558 2463 e.
579 2397 711 2481 efficere,
724 2404 761 2463 ut
779 2404 898 2463 statum
910 2399 1190 2484 conditionemque
1201 2402 1321 2465 monus

200 2533 297 2596 quarn
321 2515 488 2578 verissime
510 2514 656 2578 referant.

244 2626 326 2691 (lum
347 2628 609 2713 praecedentibus
628 2634 736 2693 autem
756 2628 838 2693 male
854 2629 1021 2693 cohaerere
1033 2628 1232 2712 colloquium
1246 2648 1321 2693 eum

198 2740 300 2805 PistIa
322 2742 498 2822 οωροικοοιοιῷ
520 2744 577 2806 vix
600 2763 681 2827 opus
703 2747 751 2807 est
774 2742 895 2807 dicere:
917 2742 999 2807 illud
1020 2745 1106 2807 enim
1125 2763 1162 2808 eo
1174 2745 1322 2828 pertinet,

197 2860 235 2918 ut
256 2860 404 2939 appareat
429 2856 624 2940 „pulchrum
648 2875 717 2921 esse
741 2855 827 2939 qnod
851 2855 929 2920 utile
950 2855 1021 2919 sit”.
1042 2858 1150 2940 Atque
1170 2858 1231 2921 hoe
1246 2858 1318 2941 qui·

199 2969 270 3033 dem
294 2988 360 3033 non
384 2975 431 3034 est
453 2970 587 3035 huiusce
608 2970 679 3034 loci.

243 3083 346 3168 Caput
375 3083 432 3148 XI.
461 3084 717 3150 Pulcherrimum
740 3085 827 3148 hand
852 3084 949 3148 dubie
972 3103 1046 3148 cum
1068 3083 1227 3149 Theodoto
1256 3087 1319 3150 ool-

197 3198 345 3281 loquium
379 3203 443 3262 est:
478 3218 555 3263 num
590 3204 696 3263 tamen
730 3202 816 3263 reete
846 3197 1005 3281 colloquia
1038 3216 1111 3262 curn
1144 3199 1319 3265 artificibus

197 3313 342 3396 excipiat,
373 3311 511 3376 dubitari
541 3312 623 3377 licet.
646 3312 839 3376 Primarium
862 3313 948 3375 enim
972 3312 1043 3375 eius
1067 3313 1237 3377 consilium
1262 3319 1318 3397 est,

197 3433 234 3492 ut
264 3434 295 3491 et
323 3426 501 3491 Theodotae
532 3426 679 3510 exemplo
703 3427 956 3490 demonstretur:
985 3427 1131 3507 „amicos
1153 3426 1317 3492 beneficiis

197 3560 267 3606 esse
290 3539 545 3606 devinciendos’'.
568 3539 669 3604 Multo
689 3559 763 3624 ergo
784 3540 898 3604 melius
918 3560 994 3605 cum
1012 3542 1124 3605 ceteris
1139 3542 1317 3625 colloquiis

198 3674 280 3739 quae
302 3657 336 3718 in
358 3655 469 3719 eodem
492 3659 680 3738 argumento
704 3659 882 3736 versentur,
904 3655 1101 3738 iungeretur.

241 3767 475 3833 Duodecimum
507 3788 636 3853 quoque
667 3773 762 3851 eaput
785 3769 903 3852 optimo
927 3769 1080 3851 scriptore
1104 3768 1236 3851 dignum
1260 3773 1316 3851 est,

197 3881 251 3949 sed
274 3883 364 3947 nullo
388 3903 461 3947 oum
483 3883 684 3967 praecedenti
706 3882 758 3946 vel
772 3901 855 3948 ¹cum
877 3882 998 3946 decImo
1018 3881 1147 3944 vinculo
1161 3880 1315 3946 cohaeret.

196 3997 375 4062 Exordium
407 3997 565 4062 excidisse
587 4002 679 4080 putat
700 3995 907 4060 Schenklius:
931 3995 1010 4058 mihi
1032 3999 1135 4058 totum
1158 3999 1253 4078 ceput
1276 3996 1315 4059 ad

195 4112 355 4195 colloquia
377 4131 451 4175 cum
474 4112 583 4174 amicis
606 4110 809 4175 referendum
834 4109 974 4172 videtur:
996 4107 1083 4170 haud
1102 4111 1208 4191 inepte
1229 4110 1315 4173 enim

194 4230 267 4310 post
288 4229 384 4309 caput
405 4223 470 4288 'VII
493 4229 690 4309 sequeretur.

239 4338 341 4423 Oaput
362 4337 448 4402 XIII
470 4357 488 4402 e
512 4357 571 4402 sex
589 4338 758 4421 colloquiis
778 4341 903 4402 constat
914 4335 1032 4399 diversi
1044 4336 1189 4418 generie:
1202 4341 1314 4401 utrum
