3352 5260
726 630 789 709 113'
901 601 904 608 ¹

191 827 295 894 bendo
337 831 458 895 nullam
496 830 679 915 Xenophon
716 833 972 896 adversariorum
1005 832 1143 896 Socratis
1179 829 1312 898 haberet

189 945 354 1025 rationem,
378 944 433 1008 sed
464 948 495 1008 et
525 945 572 1007 illi
602 945 813 1028 redarguendi
845 951 942 1009 erant.
966 945 1042 1010 Ideo
1067 951 1098 1010 et
1121 947 1224 1028 Anyti
1246 947 1311 1010 Mi-

190 1055 311 1139 letique
351 1056 523 1120 refellenda
566 1059 655 1122 erant
698 1059 832 1121 crimina
867 1063 898 1122 et
932 1058 1101 1122 refutanda
1134 1059 1314 1141 Polycratis

192 1169 335 1250 aequalis
367 1170 526 1234 accusatio
557 1170 752 1252 scholastica,
777 1189 859 1254 quae
882 1189 918 1234 co
941 1176 1084 1254 tempore
1107 1173 1141 1234 in
1166 1172 1315 1237 manibus

190 1281 358 1345 hominum
381 1302 451 1347 esse
474 1283 596 1347 soleret.
620 1282 718 1347 Plura
741 1284 780 1348 de
802 1285 863 1348 isto
888 1286 1037 1368 sophista,
1058 1286 1162 1370 deque
1180 1289 1315 1369 ratione,

192 1412 276 1476 quae
304 1373 388 1458 inter
414 1397 484 1459 eius
507 1396 766 1460 declamationem
789 1402 821 1460 et
843 1396 1067 1481 Xenophontis
1091 1398 1313 1464 Memorabilia

191 1507 406 1572 intercesserit
427 1507 585 1574 affirmare
607 1509 757 1593 equidem
779 1529 846 1574 non
870 1511 1014 1575 audeam.

236 2071 387 2140 Dicebam
422 2096 474 2141 me
507 2082 628 2160 putare,
663 2075 866 2142 Dindorfinm
902 2077 1173 2163 Schenhliumque
1203 2082 1314 2164 paucis

191 2190 412 2253 tantummodo
453 2191 651 2273 persuasisse
693 2190 732 2256 de
773 2190 1029 2256 Memorabilium
1063 2193 1315 2277 interpolatione.

190 2301 359 2366 Eiusmodi
389 2305 473 2367 enim
505 2323 616 2368 eorum
639 2306 796 2368 sententia
820 2310 876 2387 est,
901 2324 982 2388 quae
1005 2305 1092 2369 haud
1117 2307 1226 2370 multis
1248 2307 1315 2390 pla·

192 2434 263 2479 cere
296 2417 402 2480 soleat
436 2416 587 2501 Plerique
622 2420 708 2482 enim
740 2423 884 2482 veterum
913 2417 1068 2483 librorum
1092 2419 1225 2484 lectores
1249 2439 1314 2484 non

191 2535 300 2593 amant
333 2531 468 2612 criticos,
504 2531 559 2614 qui
596 2531 682 2615 quod
715 2532 794 2615 ipsis
831 2532 907 2596 satis
937 2533 1144 2616 perspicuum
1167 2533 1315 2597 videatur

190 2649 375 2726 corruptum
399 2661 469 2708 esse
491 2644 707 2708 demonstrare
730 2649 894 2728 conentur,
919 2646 1058 2728 pessime
1081 2665 1156 2709 vero
1176 2645 1314 2710 oderunt

189 2775 252 2838 eos,
288 2757 343 2840 qui
377 2758 524 2840 quamvis
558 2756 660 2820 firmis
683 2759 880 2842 argumentis
904 2758 1111 2840 contendant,
1134 2758 1185 2821 vel
1209 2763 1311 2826 totum

188 2867 328 2952 aliquem
363 2867 482 2934 librum
515 2871 634 2933 iniuria
667 2869 715 2933 illi
751 2869 850 2935 tribui
882 2871 1036 2954 scriptori,
1069 2872 1162 2935 cuius
1192 2890 1312 2935 nomen

188 2986 286 3066 gerat,
318 2982 368 3046 vel
396 2982 556 3066 longiores
588 2982 763 3046 nonnullos
797 3002 839 3046 ex
862 3001 899 3047 eo
925 2983 1098 3048 eliciendos
1123 3002 1192 3048 esse
1214 2984 1313 3066 lecca,

190 3097 308 3180 quippe
332 3116 412 3180 quos
435 3098 622 3180 impostores
646 3097 777 3179 quidam
801 3097 840 3161 de
861 3097 1132 3178 suoaddiderint3
1146 3117 1212 3162 non
1226 3098 1313 3182 quod

188 3227 226 3272 ca
249 3210 357 3293 opinio
377 3211 456 3294 ipsis
479 3230 593 3293 parum
617 3209 789 3293 probabilis
812 3210 959 3275 videatur
981 3229 1070 3275 esse:
1095 3211 1134 3274 de
1158 3230 1196 3275 ea
1217 3230 1252 3275 re
1272 3231 1312 3276 ne

188 3323 325 3406 cogitare
366 3324 495 3407 quidem
531 3324 642 3388 solent.
678 3325 764 3388 Aves
799 3323 871 3388 illas
907 3325 1027 3388 imitari
1061 3324 1194 3406 malunt,
1230 3344 1312 3407 quae

188 3436 340 3501 dicuntur
369 3438 457 3520 ipsae
488 3457 583 3502 suum
616 3443 712 3522 caput
736 3437 893 3503 fruticetis
917 3437 1085 3513 occultare,
1109 3456 1150 3501 ne
1173 3457 1192 3500 a
1216 3457 1312 3502 vena·

186 3550 311 3615 toribus
334 3552 476 3635 conspici
499 3552 638 3635 possint:
664 3554 708 3616 ita
728 3554 814 3616 enim
834 3551 953 3616 librum
974 3551 1188 3635 suumlegere
1201 3551 1312 3634 solent,

188 3668 224 3728 ut
257 3666 284 3728 si
314 3665 394 3748 quid
424 3665 532 3728 minus
563 3665 687 3748 placeat
709 3667 823 3749 raptim
847 3670 1044 3750 percurrant,
1065 3683 1129 3749 quo
1153 3665 1249 3728 citius
1271 3664 1310 3727 ad

188 3796 225 3842 ea
247 3779 443 3862 perveniant,
467 3798 550 3863 quae
571 3779 704 3863 pulchra
727 3781 792 3843 sint
812 3785 842 3844 et
859 3781 1067 3844 admiratione
1080 3779 1184 3861 digna.
1197 3777 1310 3860 Neque

186 3893 292 3956 hercle
325 3892 407 3975 illos,
442 3894 500 3976 qui
533 3894 632 3956 animi
664 3913 761 3957 causo
791 3893 908 3976 legant,
932 3890 1209 3976 reprehendendos
1241 3909 1311 3955 esse

185 4004 321 4086 credam,
345 4005 431 4088 quod
453 4007 498 4069 ita
518 4005 650 4069 faciant:
675 4006 841 4089 langueret
865 4007 950 4069 enim
970 4005 1135 4069 literarum
1150 4004 1308 4086 studium,

183 4119 247 4182 nisi
271 4123 394 4201 praeter
416 4118 595 4202 philologos
618 4123 649 4182 et
671 4119 725 4181 alii
746 4119 840 4182 multi
860 4118 959 4181 literis
973 4117 1309 4197 delectarentur3illos

184 4235 292 4295 autem
316 4249 458 4315 aequum
480 4236 528 4296 est
551 4237 654 4296 cetera
677 4231 846 4315 negligere,
864 4231 905 4294 ad
924 4230 1140 4314 pulcherrima
1159 4249 1309 4314 quaeque

186 4345 371 4428 saepissime
392 4363 563 4410 recurrere.
589 4343 652 4420 Qui
676 4363 752 4409 vero
773 4343 835 4408 sibi
856 4345 1041 4428 scriptorem
1054 4343 1195 4427 aliquem
1207 4343 1311 4426 elegit,

1194 4451 1212 4503 8
