3354 5268
902 641 943 708 20

365 831 419 894 cui
441 850 506 893 non
530 831 563 893 in
584 835 723 894 mentem
742 835 870 894 revocat
889 829 1139 912 pulcherrimum
1159 847 1202 892 ex
1221 827 1337 911 Gorgia
1360 829 1484 892 locum:

366 937 384 1016 ἦ
418 936 464 1007 οὖν
493 941 600 1006 τούτων
631 945 687 1005 τῶν
718 941 813 1004 σιτίων
846 940 933 1005 πλέον
963 940 1044 1018 ἡμῶν
1076 939 1170 1004 ἑκτέον
1194 941 1274 1019 αὐτῷ
1298 938 1340 1003 ὅτι
1364 939 1488 1017 βελτίων

367 1055 453 1127 ἐστίν,
479 1049 496 1128 ἦ
518 1056 558 1132 τῷ
581 1055 635 1132 μὲν
659 1053 760 1134 ἄρχειν
784 1052 885 1117 πάντα
910 1055 1014 1118 ἐκεῖνον
1037 1053 1082 1117 δεῖ
1100 1053 1205 1131 νέμειν,
1227 1054 1255 1116 ἐν
1274 1053 1305 1117 δὲ
1324 1054 1365 1132 τῷ
1384 1052 1488 1116 rivall-

367 1191 443 1230 σκειν
478 1191 512 1231 τε
546 1167 627 1231 αὐτὰ
661 1166 712 1230 καὶ
746 1166 954 1246 καταχρῆσθαι
989 1165 1045 1237 εἰς
1074 1167 1114 1230 τὸ
1144 1167 1284 1230 ἑαυτοῦ
1315 1170 1426 1242 σῶμα
1456 1166 1488 1229 οὐ

367 1279 598 1353 πλεονεκτητέον,
623 1280 646 1342 εἰ
671 1280 714 1356 μὴ
740 1278 842 1357 μέλλει
866 1277 1050 1358 ζημιοῦσθαι,
1071 1279 1154 1343 ἀλλὰ
1172 1284 1229 1342 τῶν
1249 1277 1489 1356 adonaisamia

367 1393 398 1457 δὲ
420 1391 543 1457 ἔλαττον
568 1391 682 1468 {uriom

412 1506 486 1591 Ipse
517 1526 648 1590 quoque
678 1505 869 1589 Xenophon,
892 1506 1018 1589 qualem
1041 1508 1075 1568 in
1097 1505 1241 1569 Anabasi
1265 1508 1490 1590 conspicimus

369 1638 433 1681 non
458 1621 557 1702 magis
581 1620 703 1702 peritus
727 1625 775 1682 est
795 1619 873 1700 dux,
894 1638 991 1701 quarn
1010 1619 1218 1702 philosophus
1237 1620 1372 1702 sapiens.
1386 1618 1418 1682 L.
1432 1618 1491 1700 III,

368 1732 397 1812 2,
423 1733 463 1793 18
493 1750 568 1794 eum
591 1730 656 1794 fere
680 1730 800 1795 dixeris
824 1752 842 1794 a
866 1730 1024 1815 Sophistis
1048 1738 1148 1795 artem
1173 1731 1386 1816 persuadendi
1410 1733 1490 1794 didi-

368 1845 465 1908 cisse:
500 1844 591 1908 docet
620 1846 705 1907 enirn
737 1844 859 1928 pedites
883 1864 968 1926 suos,
992 1845 1132 1909 hostium
1156 1847 1279 1928 equites
1302 1851 1491 1928 metuentes,

369 1956 416 2019 nil
448 1975 517 2020 esse
549 1957 583 2019 in
615 1958 760 2040 equitatu
783 1959 952 2040 praesidii;
976 1957 1089 2021 sedin
1113 1963 1254 2042 tempore
1278 1959 1494 2041 recordamur,

368 2071 475 2152 ipsum
511 2069 671 2134 Socratem
708 2089 782 2134 enm
817 2072 990 2152 monuisse,
1025 2071 1146 2134 utiliter
1178 2071 1340 2136 interdum
1376 2072 1490 2136 ducem

367 2181 484 2245 milites
518 2201 594 2245 suos
630 2183 781 2266 decipere.
816 2183 855 2246 ld
887 2202 1016 2267 quoque
1047 2202 1081 2246 se
1112 2182 1272 2246 Socratem
1304 2183 1492 2247 testificatur

368 2295 497 2358 audisse
522 2294 697 2376 docentem,
728 2297 903 2379 sapientem
928 2297 1034 2359 virum
1058 2301 1192 2380 urgente
1214 2298 1401 2360 necessitate
1425 2317 1489 2360 non

368 2426 516 2471 recusare
537 2409 663 2491 imperii
688 2427 783 2472 onera
808 2411 974 2490 sustinere,
997 2410 1053 2472 sed
1076 2413 1147 2492 post
1166 2410 1308 2492 pericula
1327 2412 1433 2474 statim
1449 2411 1489 2474 ad

369 2522 467 2614 vitam
498 2521 653 2603 privatam
687 2522 798 2604 redire,
829 2541 931 2605 eoque
961 2541 996 2585 se
1020 2523 1161 2585 inritum
1184 2541 1335 2605 regnasse
1358 2523 1488 2587 demon-

368 2639 468 2697 strare
488 2631 589 2712 (Plato
610 2634 706 2715 Poll:
729 2655 803 2698 nam
825 2635 922 2699 semel
941 2637 1123 2718 iterumque
1144 2654 1177 2698 se
1190 2654 1306 2719 cupere
1318 2637 1490 2720 imperium

369 2746 528 2830 deponere
552 2748 710 2831 significat
733 2747 800 2827 (VI,
824 2750 854 2830 2,
879 2748 937 2828 15,
964 2748 992 2830 6,
1017 2750 1077 2828 323
1101 2747 1167 2811 VII
1188 2750 1250 2830 in).

412 2862 521 2943 Atque
557 2861 635 2924 haec
665 2861 795 2944 quidem
827 2880 908 2944 quae
932 2861 1101 2944 hucusque
1124 2861 1284 2945 disputavi
1307 2881 1372 2924 non
1396 2863 1491 2925 nimis

369 2973 508 3038 absurda
542 2994 612 3039 csse
643 2977 719 3038 satis
749 2975 883 3058 confido,
915 2980 947 3038 et
979 2995 1172 3058 quamquam
1206 2994 1269 3038 non
1296 2977 1403 3059 magni
1428 2977 1492 3039 sint

368 3087 470 3168 pretii,
497 3087 615 3169 quippe
639 3106 721 3169 quae
744 3089 903 3151 neminem
928 3087 1047 3150 lateant
1072 3105 1192 3169 eorum,
1216 3089 1272 3170 qui
1294 3087 1491 3171 Xenophon-

369 3204 434 3261 tem
458 3199 610 3263 manibus
633 3205 734 3264 terere
758 3201 888 3282 soleant,
912 3206 1018 3264 tamen
1042 3201 1094 3263 vel
1113 3200 1283 3282 tironibus,
1303 3201 1352 3264 rel
1372 3203 1422 3283 iis,
1435 3203 1491 3284 qui

368 3309 577 3394 Xenophonti
607 3315 715 3376 miuus
748 3333 844 3396 quam
876 3314 946 3376 aliis
971 3313 1178 3396 scriptoribus
1201 3316 1343 3397 poetisve
1364 3335 1490 3399 operam

370 3423 454 3504 dent,
489 3423 580 3486 utilia
612 3428 669 3487 aut
700 3425 813 3490 saltem
834 3426 920 3489 lectu
944 3446 1009 3490 non
1033 3427 1210 3490 iniucunda
1232 3427 1308 3510 fore,
1333 3447 1398 3491 non
1423 3429 1492 3492 sine

370 3557 465 3600 causa
489 3557 541 3600 me
564 3557 690 3621 sperare
713 3539 833 3622 opinor.
857 3540 995 3603 Transeo
1017 3559 1105 3602 nunc
1127 3540 1167 3602 ad
1186 3540 1280 3603 aliam
1299 3540 1492 3605 deAnabasi

370 3652 600 3734 quaestionem,
631 3671 649 3714 a
680 3652 794 3736 multis·
822 3655 899 3717 viris
930 3654 1030 3717 doctis
1053 3657 1227 3735 tractatam,
1251 3659 1282 3716 et
1305 3640 1492 3737 argumenta

370 3765 526 3847 quaedam
547 3764 684 3846 afferam,
705 3785 803 3848 quare
824 3767 902 3830 mihi
922 3786 959 3830 ea
978 3767 1168 3850 plerumque
1188 3787 1301 3850 parum
1314 3773 1398 3832 recte
1411 3768 1493 3832 solvi

369 3878 523 3959 videatur,
555 3879 699 3961 quidque
729 3881 797 3962 ipse
829 3899 975 3944 censeam
1005 3900 1101 3963 quam
1124 3885 1232 3962 potero
1256 3883 1493 3945 accuratissime

368 3990 600 4053 demonstrabo
624 3989 778 4056 Dicturus
803 3994 889 4056 enim
913 4013 985 4056 sum
1012 3993 1050 4056 de
1073 3997 1226 4075 tempore,
1247 4013 1310 4076 quo
1330 3993 1492 4057 Anabasis

370 4104 488 4186 scripta
513 4104 671 4168 videatur.
1446 4111 1448 4114 ’

416 4214 597 4280 Creduntur
625 4219 660 4280 in
690 4217 832 4282 Anabasi
861 4220 932 4302 ipsa
954 4223 1093 4301 quatuor
1117 4221 1268 4303 temporis
1292 4221 1409 4284 indicia
1436 4239 1493 4284 ex-

371 4335 472 4392 stare:
496 4334 542 4393 tot
564 4331 649 4393 enim
673 4349 731 4413 ego
753 4333 789 4394 in
813 4333 957 4397 virorum
981 4331 1148 4395 doctorum
1171 4332 1270 4417 libris,
1295 4335 1352 4417 qui
1375 4335 1491 4398 dehac
