3348 5262
745 567 812 632 255

213 753 467 836 elocutionisque
491 752 697 836 differentias,
717 755 906 838 praesertim
928 776 1030 838 quum
1051 777 1186 841 magnae
1205 778 1262 824 eae
1282 762 1347 824 sint

215 873 247 931 ct
281 868 409 932 multae.
446 866 532 942 Quin
570 869 666 932 etiam
700 867 770 932 fieri
805 888 899 952 posse
933 870 1101 954 contendo,
1132 877 1170 936 ut
1192 876 1345 957 scriptum

215 981 346 1064 aliquod
377 982 525 1064 spurium
556 984 587 1044 et
619 982 861 1064 supposititium
895 1001 965 1046 esse
995 987 1193 1067 argumentis
1217 986 1347 1050 demon-

215 1099 343 1178 stretur,
379 1114 463 1178 quae
498 1096 575 1159 satis
609 1096 721 1178 gravia
755 1115 825 1159 esse
860 1116 978 1181 negare
1010 1118 1074 1162 non
1107 1101 1221 1183 possis,
1244 1102 1346 1184 ipsius

216 1213 337 1272 tamen‘
351 1210 467 1293 'scripti
497 1227 534 1272 ea
558 1210 599 1272 sit
625 1214 741 1272 natura
763 1215 796 1273 et
818 1212 972 1274 universa
995 1213 1125 1295 speciae,
1149 1218 1187 1276 ut
1208 1213 1267 1277 tibi
1290 1216 1347 1278 vix

216 1325 248 1386 et
279 1341 321 1386 ne
346 1323 405 1384 vix
428 1321 559 1404 quidem
583 1322 777 1405 persuadeas
801 1343 820 1385 a
842 1323 971 1387 falsario
996 1342 1066 1388 esse
1089 1327 1301 1410 compositum
1314 1327 1346 1408 ¹).

216 1433 358 1498 Multum
391 1436 477 1499 enim
509 1436 643 1500 interest
664 1437 749 1499 inter
771 1438 979 1520 geometriam
999 1442 1030 1501 et
1048 1438 1270 1523 philologiam:
1292 1441 1347 1504 illa

216 1548 298 1611 nihil
321 1567 356 1612 se
377 1548 491 1612 fecisse
514 1553 605 1632 putat
629 1549 785 1632 quamdiu
809 1552 1007 1633 argumentis
1031 1554 1101 1616 suis
1124 1552 1140 1624 d
1162 1551 1344 1630 reiteratam

217 1661 314 1744 deest,
344 1661 423 1725 haec
454 1667 605 1725 contenta
632 1681 702 1726 esse
725 1654 829 1742 debet,
854 1663 1028 1728 dummodo
1053 1665 1195 1749 aliquam
1219 1671 1345 1730 senten·

216 1774 295 1836 tiam
324 1775 369 1836 ita
401 1773 586 1856 defenderit,
610 1779 647 1838 ut
671 1775 748 1839 satis
771 1775 967 1858 probabilem
993 1797 1062 1841 eam
1085 1797 1155 1842 esse
1178 1786 1344 1862 appareat3

217 1905 356 1969 raroque
390 1887 514 1970 accidit,
549 1892 587 1951 ut
621 1889 691 1952 eius
726 1890 782 1970 rei,
818 1909 915 1972 quam
948 1909 1058 1954 omnes
1089 1892 1191 1973 primo
1215 1897 1346 1975 aspectu

218 2000 425 2064 verisimilem
456 2019 527 2064 esse
558 2002 705 2084 sentiant,
737 2001 849 2084 abiis,
874 2003 1076 2085 quidiutius
1100 2006 1347 2088 accuratiusque

217 2113 257 2177 de
287 2132 326 2177 ea
356 2115 547 2197 cogitarunt,
577 2114 672 2198 paulo
703 2114 844 2178 firmiora
871 2117 997 2198 possint
1019 2116 1124 2180 afferri
1147 2123 1345 2200 argumenta.

217 2226 257 2290 In
292 2229 479 2311 quaestione
512 2233 620 2292 tamen
655 2228 693 2292 de
727 2228 879 2312 Agesilao
910 2231 955 2292 ita
986 2249 1020 2293 se
1051 2248 1102 2293 res
1126 2229 1230 2313 habet,
1254 2236 1346 2295 utet

216 2342 379 2426 plerisque
401 2341 577 2406 lectoribus
602 2343 738 2426 suspitio
759 2342 798 2406 de
816 2342 929 2406 fraude
948 2345 1039 2406 nasci
1059 2342 1180 2426 debeat,
1193 2349 1224 2407 et
1236 2363 1343 2408 veram

215 2455 304 2519 illam
331 2456 546 2538 suspicionem
571 2474 643 2520 esse
661 2456 784 2539 liquido
805 2455 1017 2520 demonstrari
1035 2457 1145 2538 possit.
1164 2455 1237 2520 Nou
1258 2477 1346 2540 pror·

217 2588 273 2632 sus
303 2569 451 2632 inutilem
484 2587 535 2632 me
564 2588 692 2652 operam
715 2569 875 2633 facturum
901 2588 971 2633 esse
995 2587 1096 2652 spero,
1117 2571 1145 2633 si
1169 2569 1287 2652 quibus
1310 2549 1350 2634 id

215 2682 412 2766 argumentis
437 2681 603 2766 efficiatur,
626 2683 722 2766 paulo
746 2682 852 2747 fusius
872 2682 924 2746 hic
944 2702 1132 2767 exposuero.
1153 2681 1269 2747 Omnia
1280 2683 1346 2748 fere

248 2914 276 2980 l)
295 2916 412 2980 Exempli
437 2930 514 2966 eausa
540 2916 618 2967 affero
644 2916 812 2981 Antiphontis
835 2917 990 2982 tetralogias,
1010 2931 1076 2981 quas
1092 2917 1193 2982 spurias
1209 2931 1265 2968 esse
1281 2918 1344 2968 olim

216 3008 387 3058 Herwerdeno
404 3023 457 3058 non
474 3009 594 3072 concessi,
611 3023 773 3073 quamquam
790 3009 951 3074 argumentis
966 3009 998 3059 ab
1013 3024 1043 3059 eo
1051 3009 1136 3059 allatis
1144 3009 1187 3058 vix
1195 3009 1343 3074 quidquam

215 3114 342 3164 opponere
365 3105 490 3165 poteram.
514 3101 666 3165 iniuriaque
686 3101 760 3150 oredo
778 3101 846 3151 hanc
863 3115 949 3150 meam
967 3101 995 3150 in
1014 3104 1155 3164 utramque
1172 3105 1273 3164 partem
1291 3101 1345 3150 dis·

215 3192 379 3255 putationem
395 3193 482 3242 risisse
497 3192 584 3241 virum
602 3192 716 3256 doctum,
733 3192 779 3255 qui
798 3191 949 3256 nuperrime
967 3191 1048 3242 libelli
1065 3192 1117 3241 mei
1134 3193 1166 3242 de
1184 3191 1345 3256 Antiphonte
1376 3237 1380 3246 .

214 3297 353 3333 censuram
376 3284 483 3348 scripsit.
510 3283 559 3333 Sed
576 3283 685 3332 lividum
704 3283 772 3332 istud
791 3287 830 3333 est
848 3297 986 3333 censorum
1004 3297 1095 3348 genus,
1113 3283 1240 3347 Equidem
1257 3283 1344 3333 hercle

216 3373 260 3422 illa
283 3373 395 3440 „Studia
418 3373 609 3438 Antiphontea'’
628 3388 680 3423 non
700 3373 788 3438 magni
806 3374 883 3424 facio:
901 3374 983 3425 nihilo
999 3374 1071 3424 enim
1090 3378 1223 3438 praestant
1244 3374 1346 3438 libellis,

216 3465 263 3529 qui
287 3469 314 3515 et
334 3466 402 3529 apud
419 3480 466 3515 nos
484 3471 507 3514 et
524 3467 591 3530 apud
613 3466 746 3514 Germanos
762 3465 964 3544 Gymnasiorurp
983 3466 1182 3531 programmatis
1199 3466 1344 3516 adduntur:

216 3571 269 3606 non
295 3561 383 3606 tamen
410 3571 516 3621 prorsus
541 3558 753 3607 condemnandus
775 3557 875 3607 videtur
893 3557 996 3608 libellus
1013 3558 1120 3622 triginta
1137 3557 1299 3622 paginarum,
1317 3557 1345 3607 in

216 3664 268 3714 quo
293 3650 359 3700 duae
385 3654 468 3700 tresve
494 3651 683 3701 observationes
713 3651 824 3701 alicuius
849 3651 925 3714 pretii
952 3651 1079 3715 legantur,
1103 3664 1188 3714 neque
1205 3649 1295 3712 literis,
1316 3654 1347 3699 ut

214 3741 312 3806 opinor,
340 3741 405 3792 bene
430 3743 577 3805 consulunt,
607 3743 652 3806 qui
679 3743 739 3792 inde
766 3743 854 3792 omnia
879 3742 1039 3806 protrahant,
1066 3756 1134 3805 quae
1160 3740 1247 3805 aliquo
1270 3741 1371 3803 modo¹

217 3833 359 3898 vituperari
383 3835 490 3899 possint.
508 3834 576 3894 Quid
595 3851 654 3885 vero
671 3835 715 3885 illo
733 3835 818 3898 facias,
837 3835 891 3898 qui,
908 3848 993 3898 quum
1012 3847 1093 3897 quam
1112 3833 1225 3897 plurima
1241 3833 1269 3882 in
1288 3847 1345 3882 meo

217 3926 302 3976 libello
327 3927 514 3991 reprehendere
531 3932 647 3990 conetur,
666 3927 731 3977 nihil
750 3932 838 3977 tamen
857 3927 885 3976 in
903 3927 934 3976 iis
951 3926 1076 3989 inveniat,
1093 3925 1164 3990 quod
1182 3925 1285 3989 turpius
1303 3925 1347 3988 sit,

216 4033 296 4082 quam
322 4020 391 4082 quod
419 4020 499 4069 semel
526 4020 608 4084 rumai,
635 4019 714 4068 semel
740 4019 830 4082 sumpsi
852 4017 960 4082 scripsi‘l
979 4017 1073 4067 Nonne
1091 4017 1236 4066 istiusmodi
1253 4017 1345 4080 iniqua

216 4110 310 4160 iudicia
326 4111 357 4160 de
374 4111 531 4174 hominibus,
549 4111 595 4174 qui
614 4111 680 4159 nihil
698 4111 895 4172 commiserunt,
913 4109 957 4158 sed
975 4123 1021 4172 pro
1039 4114 1111 4173 parte
1125 4108 1194 4158 virili
1208 4109 1344 4158 veritatem

214 4200 335 4266 indagare
363 4201 477 4264 student,
502 4200 618 4252 efficiunt
645 4207 676 4251 ut
702 4206 757 4251 tota
785 4215 827 4250 ars
853 4200 1003 4265 philologica
1028 4199 1057 4249 in
1081 4199 1209 4264 omnium,
1226 4199 1272 4263 qui
1289 4199 1347 4250 aliis

213 4292 306 4342 studiis
322 4306 427 4357 operam
443 4293 514 4357 dant,
531 4297 711 4358 contemptum
734 4290 897 4342 adducatur‘l
