3330 5262
866 572 930 637 eto

332 761 454 844 opinor.
474 758 517 823 nt
529 761 557 823 si
568 760 727 823 sententia
739 757 774 821 in
787 757 851 822 duo
865 755 1008 821 membra
1019 757 1122 821 divisa
1134 761 1193 840 est,
1204 757 1339 822 alterum
1352 753 1463 821 minds

333 877 419 935 recte
453 869 493 934 ab
529 869 553 933 ol
583 869 614 934 δὲ
645 868 712 932 eal
740 871 910 954 incipitur:
941 869 1072 934 additur
1102 871 1189 935 enim
1220 869 1301 933 illud
1333 868 1388 933 acl
1407 868 1465 934 ubi

333 983 429 1048 series
459 983 616 1067 quaedam
649 988 705 1066 est,
737 983 757 1047 i.
770 1002 796 1047 e.
824 981 881 1047 ubi
903 982 978 1067 plus
1003 1003 1100 1066 quam
1124 983 1189 1047 duo
1212 983 1357 1048 membra
1380 989 1465 1049 sunt

333 1095 492 1180 Equidem
524 1115 600 1180 ergo
631 1097 740 1181 potius
771 1093 824 1158 acl
854 1095 1035 1173 deleverim,
1060 1095 1148 1180 quod
1170 1095 1268 1160 verba
1291 1095 1341 1159 διὰ
1364 1095 1398 1159 τὸ
1421 1093 1466 1172 μὴ

335 1213 454 1290 προορᾶν
477 1210 648 1295 praecedit.

379 1321 427 1386 Ib.
457 1321 553 1386 lllulti
584 1341 659 1406 ergo
690 1341 803 1387 eorum
831 1324 889 1406 qui
911 1322 1036 1387 hostem
1061 1341 1119 1406 per
1142 1327 1284 1387 montem
1306 1323 1467 1407 persecuti

336 1440 428 1501 erant
457 1437 492 1498 in
523 1433 745 1500 descendendo
769 1437 942 1518 intereunt,
964 1435 988 1498 εἰ
1010 1434 1042 1498 δὲ
1066 1432 1109 1512 μὴ
1132 1433 1296 1513 ἐβοήθησαν
1319 1435 1420 1507 adroic
1442 1434 1466 1499 oi

335 1547 368 1612 ἐκ
390 1551 443 1612 τοῦ
462 1545 660 1628 στρατοπέδου
681 1546 871 1620 δειπνοῦντες,
885 1545 1085 1612 ἐκινδύνευσαν
1097 1545 1135 1610 ῦν
1147 1544 1280 1620 ἅπαντες
1291 1545 1464 1612 ducatrici.

335 1660 524 1726 Absurdum
544 1680 615 1726 esse
635 1659 815 1732 δειπνοῦντες
837 1663 950 1743 sentio,
970 1646 1077 1744 neque
1088 1659 1222 1745 probare
1233 1679 1366 1745 possum
1378 1659 1467 1744 quod

337 1773 519 1858 explicandi
553 1794 651 1839 causa
673 1773 820 1840 affertur:
848 1774 954 1856 „dum
979 1774 1026 1837 illi
1050 1773 1177 1856 militm,
1203 1773 1316 1856 quiin
1341 1774 1464 1837 hostem

336 1889 490 1972 impetum
520 1887 669 1970 fecerant,
692 1890 763 1952 viae
786 1889 930 1953 molestia
955 1887 1160 1972 tenebrisque
1184 1888 1344 1969 retardati,
1368 1889 1466 1951 etiam

338 2001 531 2066 descendere
555 1999 765 2083 conabantur,
788 2001 884 2065 ceteri
908 2020 1019 2066 omnes
1038 2002 1102 2064 iam
1124 2000 1180 2065 diu
1201 2001 1236 2063 in
1256 1999 1467 2064 cestraadve-

338 2119 453 2180 nerant
482 2133 680 2197 coenamque
710 2111 938 2198 paraverant”:
963 2134 1048 2196 nam,
1076 2114 1140 2177 nisi
1164 2114 1330 2197 participio
1354 2113 1467 2177 adver-

338 2225 428 2291 bium
459 2226 589 2310 aliquod
612 2227 775 2310 temporis,
798 2246 824 2291 e.
847 2247 894 2310 gr.
916 2222 1035 2303 μετοοξῦ
1059 2227 1109 2290 vel
1132 2223 1197 2298 ida,
1223 2226 1361 2310 additur,
1383 2228 1469 2290 inter

338 2359 373 2404 se
403 2338 568 2424 iungenda
599 2345 677 2404 sunt
700 2339 856 2404 vocabula
879 2339 902 2402 oi
926 2345 957 2404 et
980 2337 1168 2411 detractaret,
1192 2337 1365 2422 verbisque
1387 2337 1412 2400 oi
1433 2337 1469 2400 ἐκ

338 2455 390 2518 τοῦ
419 2451 616 2532 οτροιτοπέδον
646 2451 826 2524 δειπνοῦντες
843 2471 928 2532 para
949 2470 1070 2534 eorum,
1094 2452 1208 2535 quiin
1232 2452 1345 2515 castris
1368 2455 1468 2533 erant,

338 2563 547 2650 significatur.
570 2565 641 2629 Aut
663 2581 738 2650 ergo
760 2565 920 2629 eiusmodi
942 2563 1131 2629 adverbium
1151 2563 1281 2647 excidit,
1302 2563 1467 2646 aut,quod

338 2677 537 2766 probabilius
559 2679 697 2760 videtur,
719 2676 900 2750 δειπνοῦντες
923 2683 1111 2762 corruptum
1135 2683 1191 2742 est

384 2790 488 2877 Caput
509 2791 566 2875 IV,
592 2793 620 2855 1.
644 2791 761 2872 ῦρῦντες
784 2791 815 2856 δὲ
838 2791 863 2855 οἱ
881 2790 1011 2872 Κορίνθιοι
1029 2790 1139 2854 ἐοινπῦν
1160 2789 1215 2868 μὲν
1235 2787 1288 2855 aa}
1301 2788 1354 2862 τὴν
1366 2788 1469 2871 χώραν

339 2903 499 2986 δινουμένην
533 2902 586 2968 aa}
620 2903 859 2977 ἀποθνήσκοντος
889 2903 939 2968 διὰ
969 2905 1002 2969 τὸ
1033 2902 1082 2968 ἀεὶ
1113 2906 1169 2968 τῦν
1201 2902 1467 2981 complurimis

339 3010 410 3081 εἷνοοι
444 3018 506 3082 ari.
539 3017 750 3102 Participium
781 3015 1019 3091 ἀποθνήσκοντος
1051 3019 1097 3082 sic
1128 3017 1215 3081 nude
1237 3018 1379 3101 positum
1402 3018 1469 3080 iem

340 3131 451 3196 multis
474 3131 646 3216 displicuit.
670 3131 756 3217 Ergo
779 3133 836 3195 alii
857 3131 993 3204 πολλοῦς,
1017 3132 1071 3197 alii
1093 3130 1176 3204 τινοὶς
1197 3136 1269 3216 post
1287 3131 1369 3195 illud
1382 3133 1469 3196 inse-

340 3243 477 3309 rendum
511 3263 582 3310 osse
613 3250 817 3310 censuerunt.
848 3243 911 3309 Sed
937 3245 1025 3309 eliud
1050 3245 1128 3308 mihi
1153 3245 1268 3308 vitium
1292 3243 1469 3328 deprehen-

342 3356 417 3422 dere
452 3357 569 3441 videor,
605 3358 691 3441 quod
726 3358 846 3441 eadem,
877 3363 914 3422 ut
945 3357 1067 3441 opinor,
1097 3376 1193 3442 opera
1223 3358 1329 3422 sanari
1352 3361 1469 3441 potest.

341 3469 450 3538 Verba
481 3467 530 3533 tea
559 3469 593 3534 τὸ
615 3467 663 3533 ciel
685 3473 742 3534 τῦν
764 3468 1026 3547 complurimis
1049 3462 1119 3534 εἷνοιι
1143 3475 1228 3534 recte
1252 3470 1337 3535 dicta
1360 3475 1470 3534 essent

343 3583 383 3648 de
416 3585 517 3668 copiis
551 3585 616 3648 huo
646 3584 725 3648 illuc
755 3590 859 3648 oasim
889 3583 1098 3666 mutantibus,
1130 3584 1186 3649 sed
1217 3585 1270 3667 ite,
1301 3588 1339 3648 ut
1361 3588 1471 3648 tamen

343 3717 470 3782 semper
490 3716 588 3783 prope
610 3701 728 3762 terram
752 3697 899 3762 hostilem
923 3703 1096 3763 manerent
1119 3697 1183 3762 Hic
1201 3701 1308 3762 autem
1329 3697 1369 3760 de
1388 3696 1472 3762 urbe

344 3828 449 3875 sermo
492 3815 549 3894 est,
591 3816 693 3875 terrae
734 3810 785 3875 vel
820 3811 933 3875 castris
969 3812 1094 3877 stativis
1128 3811 1268 3876 hostium
1303 3813 1470 3896 proxima:

343 3924 479 3990 ridicule
510 3944 585 4010 ergo
616 3923 810 3988 vocabulum
838 3922 887 3987 οὲεί
906 3925 1042 3989 additur.
1067 3923 1150 3990 Nem
1175 3944 1216 3989 ex
1240 3944 1277 3990 ea
1300 3925 1381 3990 urbe
1406 3927 1473 3990 dici

344 4043 480 4122 possunt
514 4038 607 4102 multi
641 4038 754 4102 cadere
783 4034 833 4100 διοὶ
864 4037 897 4100 rt
928 4034 977 4100 ael
1001 4035 1067 4108 τοὺς
1092 4036 1249 4113 πολεμίους
1272 4036 1366 4115 ἔγγὺς
1388 4031 1471 4112 εἷνοιι,

344 4169 410 4215 non
433 4149 483 4217 δοῦ
507 4151 540 4215 τὸ
562 4149 608 4214 atri
631 4151 687 4217 τῶν
711 4147 858 4227 πολεμίοιν
880 4148 973 4228 ἐγγὺς
996 4144 1074 4213 eluar.
1101 4149 1253 4236 Suspicor
1275 4169 1351 4235 ergo
1377 4170 1473 4216 voca·

347 4263 458 4329 bulum
481 4264 530 4329 oiri
549 4285 568 4330 a
591 4264 666 4330 sede
689 4283 749 4330 sua
772 4264 936 4330 aberrasse
955 4270 986 4328 et
1006 4269 1080 4329 anto
1100 4262 1337 4337 ἀποθνήσκοντος
1348 4284 1472 4349 ponen-
