3352 5260
867 578 930 643 118

321 761 384 842 bat,
419 763 505 846 quod
539 762 625 846 apud
658 761 825 826 Platonem
860 761 977 847 legitur
1010 764 1044 826 in
1078 762 1236 848 Apologia
1268 783 1297 848 p.
1331 765 1374 828 40
1402 766 1453 845 A:

320 874 337 948 ti
362 873 420 957 γὰρ
443 872 556 939 clodoici
580 897 629 952 μοι
653 873 781 950 μοιντικίι
805 875 834 940 ἐν
858 874 913 950 μὲν
933 874 973 954 τῷ
998 871 1115 955 πρδοθεν
1137 872 1230 954 χρόνῳ
1254 874 1348 940 ποινπὶ
1371 875 1453 940 ποὶνιι

321 988 416 1062 ποιινῆ
436 987 482 1052 oiri
506 981 539 1062 ἦν
562 986 614 1052 aori
638 986 717 1052 ποὶνν
739 985 790 1052 ἐπὶ
813 993 946 1066 σμικροῖς
970 985 1183 1065 ε’νοινπιονμένν,
1208 985 1236 1051 εἴ
1254 1012 1283 1053 πι
1307 988 1451 1067 μέλλοιμι

324 1100 368 1179 μὴ
400 1101 482 1180 ὀρθῶς
504 1096 631 1181 πράξειν·
656 1097 715 1163 νυνὶ
741 1099 772 1164 δὲ
794 1096 972 1178 ξυμβέβηκε
995 1123 1054 1177 μοι,
1078 1096 1152 1179 ἅπερ
1174 1099 1259 1179 ὃροῖπε
1281 1099 1333 1165 aori
1356 1100 1452 1174 αὐτοὶ,

323 1211 412 1278 rauci
434 1209 455 1277 ἅ
476 1236 512 1291 νε
531 1211 566 1285 δή
584 1211 683 1286 οἰηθείη
704 1209 740 1275 ἄν
760 1234 804 1282 τις
823 1209 876 1276 aori
897 1210 1045 1292 νομίζεται
1066 1208 1187 1291 ἔσχοντο
1207 1207 1452 1280 anausim...

326 1329 376 1390 νῦν
407 1325 591 1404 Siuddurusi
614 1323 678 1401 περὶ
701 1321 815 1398 raritas
838 1323 892 1396 τὴν
916 1321 1019 1400 προῖξιν
1042 1323 1102 1388 οὔτ’
1126 1325 1155 1388 ἕν
1178 1323 1250 1406 ἔργῳ
1275 1324 1366 1390 οὐδενὶ
1389 1325 1450 1391 οὔτ’

323 1439 353 1503 ἐν
383 1438 461 1518 >clyp
492 1435 668 1510 ἦνοινπίοοτοιί
697 1459 755 1515 μοι.
788 1435 820 1501 τί
848 1429 895 1501 οὖν
924 1433 1014 1501 οιῖπιον
1045 1429 1116 1501 εἷνοιι
1144 1437 1368 1514 ὑπολοιμβοὶνιος
1392 1439 1452 1516 ἐγὼ

324 1551 394 1628 ὑμῖν
425 1551 485 1630 ἐρῶ·
516 1549 668 1614 κινδυνεύει
691 1547 748 1631 γάρ
771 1572 820 1627 μοι
844 1549 876 1614 τὸ
900 1546 1093 1627 ξομβεβηιιὸι
1117 1553 1202 1615 τοῦτο
1224 1550 1337 1628 alsatia
1359 1575 1451 1629 γεγο-

323 1663 400 1727 vivat
415 1711 422 1726 .
435 1711 442 1726 .
457 1710 487 1728 ..
524 1664 555 1727 οὐ
590 1662 649 1742 γὰρ
683 1660 740 1727 ἔσθ’
775 1659 852 1735 ὅπως
883 1663 933 1726 οὐκ
964 1663 1120 1736 ἠνοινπιώθν
1153 1661 1189 1726 ἄν
1221 1686 1270 1741 μοι
1301 1664 1334 1728 τὸ
1358 1664 1451 1736 εἰωθὸς

322 1783 450 1854 σημεῖον,
475 1776 499 1839 εἰ
518 1775 562 1854 μή
582 1799 610 1840 πι
630 1773 754 1854 ἔμελλον
773 1775 830 1854 ἐγὼ
850 1775 962 1853 tyaris
983 1772 1109 1855 πράξειν.
1129 1776 1202 1841 Hoc
1221 1797 1294 1843 eum
1308 1778 1451 1843 voluisse

323 1890 425 1956 efficio
448 1910 466 1956 e
489 1890 612 1955 verbis:
637 1884 701 1954 εἴποι
723 1887 765 1954 ὅτι
788 1890 821 1954 τὸ
845 1890 899 1968 μὲν
922 1889 1129 1970 ἀχθεινὸποτον
1148 1894 1198 1956 ποῦ
1218 1891 1283 1969 βίον
1303 1891 1355 1956 aori
1376 1886 1449 1972 ε’νῷ

324 2001 434 2075 ποὶνπες
468 2000 521 2075 τὴν
556 2001 682 2067 διιένοιοιν
715 2008 864 2080 μειοῦνποιι
898 2001 1053 2076 ἀπέλιπεν,
1087 2002 1155 2066 uiuri
1189 2004 1221 2068 δὲ
1254 2005 1356 2069 τούτου
1369 2051 1376 2067 .
1391 2052 1398 2068 .
1415 2052 1444 2069 ..

324 2115 456 2180 εὕιιλειοιν
478 2114 701 2196 προςεκτήοοιπο.
728 2115 874 2181 Ceterum
895 2118 1087 2182 inconcinne
1106 2123 1137 2183 et
1158 2138 1270 2202 parum
1288 2118 1449 2202 eleganter

322 2249 395 2294 eum
428 2231 595 2313 scripsisse
619 2249 712 2293 nemo
735 2249 851 2313 negare
874 2234 986 2313 potest.
1009 2229 1168 2313 Equidem
1191 2231 1284 2295 credo
1307 2232 1447 2315 interpo-

322 2342 454 2406 latorem
475 2341 648 2406 admodum
667 2341 836 2407 infeliciter
855 2342 1055 2406 Platonioum
1075 2343 1183 2407 locum
1194 2343 1355 2407 imitatum
1368 2362 1447 2408 esse.

368 2455 395 2517 i.
428 2453 567 2518 Offendit
597 2453 787 2519 Schenklius
817 2457 851 2518 in
882 2455 991 2520 verbis
1020 2453 1138 2534 οὶνοένκν
1171 2454 1226 2532 μὲν
1252 2454 1309 2536 γοὶρ
1333 2454 1447 2533 ἐγένετο

321 2567 403 2646 οιύπῷ
427 2566 507 2643 μετὰ
529 2564 583 2638 ritu
603 2565 691 2645 κρίσιν
714 2565 869 2647 πριοέιιονποι
892 2566 1003 2648 ἡμέροις
1027 2567 1138 2647 βιῶνοιι,
1163 2575 1194 2632 et
1215 2571 1285 2651 „iu
1303 2571 1364 2634 hoc
1380 2571 1447 2634 dic-

320 2685 390 2742 tum
424 2679 493 2744 est''
524 2681 568 2743 ait
604 2681 724 2763 „quasi
754 2679 877 2745 Socrati
906 2701 993 2746 mors
1023 2701 1155 2766 prorsus
1177 2682 1274 2746 fuerit
1295 2684 1447 2767 inexpec-

321 2797 402 2855 tata:
448 2810 560 2856 revera
603 2797 710 2855 tamen
752 2791 896 2857 Socrates
931 2794 970 2857 de
1004 2795 1236 2859 consuetudine
1270 2815 1330 2858 sua
1364 2795 1447 2859 nihil

319 2906 479 2970 remittere
509 2904 644 2987 volebat,
675 2909 711 2969 ut
741 2905 850 2970 salvus
874 2906 1050 2970 evaderet’.
1077 2906 1166 2972 Haeo
1191 2909 1252 2970 viri
1276 2908 1446 2973 clarissimi

317 3017 424 3097 οὲπορίοι
448 3019 527 3102 quid
551 3018 614 3082 sibi
637 3018 713 3082 velit
736 3020 868 3083 minime
892 3022 1058 3104 perspicio.
1078 3019 1241 3085 Sententia
1261 3022 1346 3084 enim
1367 3021 1445 3084 haec

319 3151 389 3198 esse
422 3133 565 3197 videtur:
602 3152 691 3214 „non
721 3139 842 3216 poterat
872 3140 945 3198 ante
968 3135 1168 3217 trigesimum
1193 3134 1277 3198 diem
1300 3133 1445 3199 Socrates

320 3246 476 3329 supplicio
508 3246 634 3329 capitali
665 3245 779 3329 affici'’,
806 3247 905 3331 idque
928 3251 1044 3332 inepte,
1067 3254 1104 3311 ut
1128 3248 1216 3330 solet,
1238 3248 1445 3330 interpolator

323 3359 469 3424 elocutus
493 3364 549 3423 est

364 3473 394 3535 8.
430 3470 633 3555 Colloquium
670 3492 742 3536 cum
779 3471 983 3557 Hermogene
1015 3474 1273 3557 interpolatorem
1310 3473 1445 3537 finxisse

318 3603 501 3668 nomenque
537 3583 751 3667 Hermogenis
785 3604 826 3648 ex
859 3584 885 3667 Ι,
917 3587 945 3668 2,
978 3587 1021 3648 48
1055 3587 1230 3669 sumpsisse
1255 3585 1444 3650 Schenklius

318 3697 428 3763 credit.
456 3697 705 3781 Xenophontem
727 3699 833 3782 ipsum
859 3699 941 3762 illud
963 3698 1158 3782 colloquium
1182 3697 1444 3762 Memorabilibus

317 3811 477 3878 addidisse
497 3831 562 3875 non
584 3811 748 3894 affirmem,
769 3813 826 3876 sed
846 3813 931 3897 quod
952 3832 1025 3877 cnm
1045 3812 1248 3898 Hermogene
1259 3813 1443 3895 loquentem

318 3924 479 3989 Socratem
511 3924 644 4006 inducit,
675 3924 832 4009 illumque
863 3945 939 4009 prae
969 3927 1082 3991 ceteris
1114 3927 1153 3990 de
1183 3926 1333 4009 pericul0,
1356 3926 1445 4009 quod

318 4038 441 4102 Socrati
470 4038 644 4120 immineat,
677 4038 851 4103 sollicitum
882 4039 982 4122 fingit,
1006 4059 1048 4104 ex
1072 4058 1109 4104 eo
1133 4038 1235 4104 efficio
1257 4040 1443 4122 scriptorem

316 4149 417 4214 fuisse
449 4150 609 4214 hominem
640 4131 705 4214 non
728 4152 920 4235 imperitum.
944 4151 997 4214 Ex
1021 4151 1171 4216 omnibus
1196 4154 1281 4216 enim
1304 4151 1443 4216 Socratis

318 4265 439 4348 amicis,
473 4282 610 4350 quorum
644 4265 775 4331 nomina
809 4265 849 4332 ad
879 4283 939 4330 nos
969 4270 1193 4352 pervenerunt,
1223 4264 1315 4330 illum
1340 4264 1445 4352 elegito
