3348 5262
735 645 797 708 211

197 829 285 893 istud
319 828 375 894 ὑσδ
405 829 460 906 μὲν
490 834 542 894 τοῦ
566 827 672 902 ὕδατος
695 832 792 915 (quod
816 833 1037 916 postulabatur
1062 836 1190 919 legitur)
1213 839 1321 920 inepte

199 959 242 1006 ex
273 943 537 1026 praecedentibus
572 964 642 1009 esse
676 949 872 1030 repetitum?
907 947 1050 1014 Stolidus
1085 954 1323 1034 grammaticus,

200 1057 257 1137 qui
279 1057 423 1138 inseruit,
448 1057 566 1122 oblitus
589 1063 637 1122 est
660 1064 734 1122 ante
751 1058 918 1123 αὐαίνεσθοοι
930 1061 1045 1125 addere
1058 1061 1112 1126 ὑπὸ
1125 1059 1156 1126 δὲ
1168 1067 1218 1126 τοῦ
1231 1063 1319 1135 ἡλίου.

196 1167 228 1230 N
230 1188 293 1231 uno
327 1167 504 1233 absurdum
538 1171 571 1233 in
607 1171 739 1235 modum
770 1171 960 1237 brevissimo
992 1175 1160 1239 intervallo
1193 1176 1243 1240 bis
1266 1175 1322 1253 μέν

194 1281 322 1364 legitur,
344 1302 483 1365 quorum
506 1284 597 1366 prius
619 1284 665 1347 nil
688 1285 791 1368 habet,
814 1287 900 1369 quod
929 1290 958 1351 ei
982 1296 1171 1372 opponatur.

242 1393 344 1478 Caput
378 1394 456 1472 XX,
488 1398 516 1458 3.
547 1396 579 1459 N
580 1416 650 1460 emo
682 1418 804 1482 pauper
833 1399 936 1464 factus
968 1406 1016 1465 est
1038 1398 1080 1464 έτι
1103 1401 1253 1478 οὶγνοήσας
1277 1441 1319 1450 -

196 1507 250 1581 τὴν
279 1516 336 1586 γῆν
362 1507 507 1589 φέρουσαν
530 1507 684 1587 ἀμπέλους
708 1512 736 1574 έν
760 1509 859 1591 σἰφέρῳ
882 1510 1035 1593 ἐφύτευσε.
1060 1512 1244 1598 Legendum
1270 1520 1319 1580 est

196 1621 250 1694 τὴν
272 1629 329 1700 γῆν
351 1620 405 1694 τὴν
427 1627 482 1702 φ.ι
510 1622 638 1704 „Nemo
660 1643 782 1708 pauper
802 1624 907 1689 factus
927 1631 976 1690 est
995 1645 1031 1690 ec
1051 1628 1136 1710 quod
1156 1629 1319 1712 ignorans,

196 1754 280 1819 quae
302 1742 385 1800 terra
408 1738 489 1800 vites
512 1735 616 1820 ferret,
638 1739 672 1800 in
698 1739 798 1802 sterili
824 1743 909 1802 terra
934 1741 1015 1804 vites
1040 1740 1151 1804 sevit.''

238 1849 315 1933 XX,
347 1851 375 1913 5.
405 1847 530 1914 τοιαῦτοέ
559 1850 637 1913 έστιυ
666 1853 719 1932 (sc.
751 1870 828 1915 cura
855 1856 886 1916 et
913 1851 1078 1936 diligentia
1101 1859 1132 1918 et
1156 1855 1271 1936 simm.)
1295 1852 1316 1918 ἃ

195 1960 380 2042 διαφέροντες
408 1960 548 2034 ἀλλήλων
570 1962 594 2026 οἱ
616 1961 735 2042 γεωργοὶ
758 1962 953 2042 διαφερόντως
977 1962 1029 2027 καὶ
1053 1963 1236 2045 τρέπουσιν.
1261 1967 1320 2030 Oo-

194 2075 287 2140 betus
310 2096 366 2158 pro
389 2073 528 2150 αλλήλων
551 2079 681 2140 coniicit
702 2073 811 2140 ἄλλον.
832 2077 1021 2160 Praestaret,
1041 2085 1078 2142 ut
1098 2081 1219 2163 opinor,
1232 2076 1318 2143 ἄλλοι

192 2184 299 2251 ἄλλον.
326 2188 398 2252 Vid.
421 2187 445 2252 οἱ
468 2188 523 2266 μὲν
547 2227 589 2236 -
609 2185 633 2253 οἳ
656 2187 687 2252 δέ
711 2189 797 2272 quod
821 2192 979 2273 sequitur.

236 2301 314 2385 XX,
339 2302 366 2365 7.
397 2301 526 2367 Norunt
549 2322 660 2369 omnes
683 2303 780 2368 duces
803 2299 846 2366 ὅτι
870 2301 919 2366 διαὶ
942 2303 1089 2380 πολεμίας
1113 2303 1316 2384 πορευομένους

194 2411 310 2492 βέλτιον
340 2414 541 2493 τεταγμένους
564 2414 730 2493 πορεύεσθαι
753 2412 841 2488 οὕτως
865 2417 903 2488 ὥς
925 2414 962 2479 ἂν
984 2415 1090 2496 ἄριστα
1113 2415 1269 2496 μνέχοιυτο,
1293 2418 1317 2481 εἷ

193 2527 258 2593 δέοι.
293 2529 456 2594 Nimirum
491 2531 519 2594 si
552 2531 669 2594 milites
700 2531 746 2594 sio
776 2531 837 2594 iter
865 2530 996 2613 faciunt,
1027 2536 1072 2614 ut,
1104 2532 1131 2595 si
1156 2551 1236 2616 opus
1260 2537 1317 2614 est,

193 2644 289 2708 etiam
318 2644 474 2728 proelium
507 2645 703 2708 committere
733 2645 866 2727 possint,
895 2642 1072 2720 τετυγμένον
1101 2646 1161 2708 iter
1183 2645 1315 2709 faciunt.

192 2755 294 2821 Nenrc
319 2775 394 2841 ergo
417 2756 553 2821 verbum
573 2754 785 2834 τεταγμένους,
806 2759 834 2821 si
853 2756 986 2839 abesset,
1006 2757 1206 2840 desideraret,
1218 2777 1313 2822 nemo

192 2869 277 2933 idem
307 2870 416 2953 inepto
444 2870 515 2934 loco
541 2871 682 2953 positum
708 2870 794 2953 (quis
818 2870 902 2933 enim
926 2888 1071 2952 unquam
1092 2871 1137 2934 ita
1158 2869 1313 2934 vocabula

193 2983 366 3066 disposuit:
388 2980 590 3059 τεταγμένους
614 2979 780 3062 πορεύεσθαι
803 2978 891 3053 οὕτως
900 2983 927 3062 2)
950 2982 1034 3046 ferre
1059 2981 1180 3046 debet‘

235 3094 313 3178 XX,
346 3096 396 3158 16.
425 3095 611 3159 Admodum
640 3099 727 3159 totus
758 3096 810 3158 hic
831 3095 922 3158 locus
945 3113 1050 3177 usque
1072 3095 1113 3158 ad
1134 3094 1314 3172 ε’τιμειιῆται
1388 3145 1390 3148 ,

189 3205 291 3271 τούτου
314 3208 467 3292 displicet,
486 3226 721 3292 nunquamque
739 3226 814 3272 eum
833 3206 1077 3291 aXenophonte
1089 3209 1136 3272 sic
1152 3210 1310 3291 scriptum

191 3339 261 3385 esse
295 3321 430 3384 credam.
464 3321 615 3386 Absurde
645 3321 731 3384 enim
762 3320 960 3404 colloquium
992 3322 1134 3385 oratione
1156 3321 1314 3385 indirecta

191 3435 442 3519 interrumpitur,
465 3454 571 3518 neque
593 3454 652 3499 suo
674 3435 744 3499 loco
767 3435 872 3517 posita
895 3439 972 3499 sunt
995 3433 1092 3498 verba
1113 3431 1200 3497 ὄντων
1223 3434 1312 3513 ἐργα-

190 3547 299 3626 στήρυν
329 3545 381 3610 καὶ
410 3547 546 3612 τλεόνυν.
578 3548 639 3612 Sed
670 3555 701 3612 et
731 3549 899 3631 sequentia
922 3547 1041 3611 habent
1063 3549 1098 3610 in
1121 3567 1184 3631 quo
1210 3547 1312 3612 offen·

190 3661 281 3724 dam:
327 3680 393 3725 non
434 3664 521 3727 eninr
562 3667 648 3728 recte
691 3661 812 3725 dictum
855 3665 903 3724 est
944 3653 983 3732 εἷς
1021 3659 1103 3739 παρὰ
1135 3660 1202 3732 τοὺς
1237 3658 1310 3724 δέκα

189 3773 329 3856 διαφέρει,
351 3777 449 3860 idque
472 3795 489 3842 e
513 3777 532 3858 ἓ
558 3777 598 3840 18
624 3777 830 3860 desumptum
853 3775 997 3856 arbitror,
1021 3773 1076 3836 ubi
1098 3771 1180 3852 ταρδ
1201 3771 1311 3837 στοέδια

188 3887 323 3953 διακόσια
354 3889 528 3972 significat:
551 3890 585 3952 in
608 3891 722 3955 itinere
745 3889 955 3953 ducentorum
981 3886 1156 3951 stadiorum
1179 3905 1310 3971 percur-

189 4003 298 4066 rendo.
319 4002 430 4066 Totam
448 4003 681 4086 paragraphum
705 4003 744 4064 16
765 4001 804 4065 ad
823 4001 973 4064 lacunam
993 3999 1203 4082 supplendam
1222 4019 1308 4063 com-

189 4117 324 4199 positam
348 4133 418 4180 esse
441 4134 563 4179 censeo.

233 4225 310 4311 XX,
340 4229 392 4292 20.
423 4227 522 4292 Hunc
541 4228 650 4292 locum
672 4230 718 4292 ita
739 4229 838 4292 edidit
859 4227 899 4290 A.
923 4223 1023 4289 Jacob
1047 4226 1093 4306 (in
1115 4225 1308 4290 nitidissima

189 4341 393 4408 Oeconomici
416 4340 563 4424 editione,
586 4339 717 4405 Parisiis
738 4339 894 4404 Hachette
919 4337 1034 4420 labet:
1055 4335 1088 4400 τὸ
1108 4333 1140 4399 δὲ
1160 4335 1196 4409 δὴ
1208 4341 1306 4410 κακῶς
