3352 5260
751 636 813 699 185

230 822 400 886 collectum
420 821 599 885 comedunt
617 819 698 884 Tum
711 819 871 885 Socratem
885 826 977 905 rogat
990 821 1108 904 (XVII,
1122 822 1191 905 15):
1208 841 1351 906 „ergone

228 935 390 1018 intelligis,
413 934 470 1017 qui
493 934 534 997 sit
556 935 612 996 τῶν
634 930 766 996 σκκλέον
785 932 912 998 usus?’'
930 935 1024 1017 isque
1042 934 1228 1018 respondet:
1248 931 1350 1007 ,aratro

229 1070 274 1124 με.
306 1044 382 1125 ατοὶρ
412 1045 594 1122 ἐνθυμοῦμαι
626 1039 646 1106 ὦ
677 1042 852 1124 Ἰσχόμαχε
881 1038 934 1109 οἷόν
963 1046 1025 1109 ε’στι
1051 1047 1084 1110 τὸ
1107 1040 1139 1108 εὖ
1160 1045 1217 1118 τοὶς
1240 1045 1350 1118 εἰκόνας

230 1157 401 1236 ἐσάγεσθαι.
425 1156 504 1222 aare
526 1155 584 1238 γαρ
606 1155 643 1220 σύ
666 1181 707 1234 με
725 1153 885 1237 ἐξώρμισαι
905 1158 973 1238 πρὸς
992 1157 1046 1230 σὺν
1069 1155 1141 1232 ὕλην
1163 1158 1230 1231 τοὺς
1249 1164 1349 1240 κηφῆ-

231 1295 283 1344 νας
317 1270 411 1344 εἰπών,
447 1270 523 1335 πολὺ
553 1274 669 1348 μᾶλλον
700 1269 717 1343 ἢ
749 1267 797 1334 ὅτε
826 1268 890 1350 περὶ
921 1272 1015 1344 αὐτῆς
1045 1277 1099 1343 τῆς
1122 1268 1194 1345 ὕλης
1217 1268 1348 1349 ἕλεμες”.

230 1385 367 1470 Egregie
390 1385 467 1448 haec
491 1385 603 1448 decent
625 1384 820 1466 colloquium
844 1381 979 1446 Athonis
997 1383 1159 1448 habitum:
1179 1384 1246 1448 illic
1264 1385 1351 1448 enim

232 1500 360 1562 viverat
388 1496 585 1581 florebatque
614 1495 774 1560 hominnm
794 1515 908 1580 genus,
930 1495 1077 1560 fucorum
1099 1497 1227 1561 illorum
1252 1497 1351 1561 umil-

231 1612 355 1689 Hmum‚
385 1611 442 1693 qui
473 1610 549 1673 dum
576 1609 630 1672 alii
652 1609 730 1673 foris
752 1627 820 1672 rem
843 1607 1004 1691 gerebant,
1026 1610 1088 1692 ipsi
1112 1610 1205 1674 otiosi
1228 1610 1351 1674 deside·

232 1722 310 1787 bant
328 1724 362 1784 in
382 1723 519 1786 comitiis
538 1721 739 1804 iudiciisque,
758 1726 855 1805 atque
874 1723 919 1785 ita
938 1740 1004 1785 non
1021 1722 1125 1785 solum
1137 1722 1217 1785 nihil
1229 1722 1351 1805 agendo

233 1836 265 1900 τὸ
291 1834 445 1915 τριώβολον
467 1835 665 1920 accipiebant
688 1840 719 1900 et
740 1837 899 1899 aerarium
922 1834 1089 1919 pubhcnm
1113 1834 1352 1919 exhauriebant,

233 1951 289 2015 sed
320 1951 415 2014 etiam
443 1949 601 2013 bonorum
623 1951 766 2013 virorum
788 1949 1040 2032 indignationem
1063 1948 1243 2032 movebant,
1265 1949 1353 2033 qnod

234 2062 273 2127 de
303 2063 442 2126 strenuis
473 2060 679 2126 bellatoribus
703 2079 879 2143 eorumque
901 2060 1040 2125 ducibus
1063 2065 1247 2145 arroganter
1268 2061 1353 2124 iudi·

234 2194 306 2240 care
328 2194 393 2238 non
416 2173 616 2257 verebantur,
641 2175 696 2238 sed
715 2174 779 2237 illis
798 2175 982 2257 praesertim
1005 2192 1099 2237 omne
1119 2174 1352 2237 calumniarum

233 2286 513 2370 periculorumque
547 2285 696 2350 creabant
728 2304 840 2369 genus.
875 2284 1065 2349 Conferendi
1095 2285 1182 2349 enim
1213 2288 1290 2350 sunt
1319 2285 1354 2348 hi

234 2419 347 2463 vorsus
371 2418 413 2462 ex
433 2399 657 2483 Aristophanis
679 2398 796 2482 Vespis
821 2398 921 2480 (1114
944 2401 1041 2482 sqq.):

367 2584 451 2648 ἄλλα
474 2585 531 2665 γὰρ
555 2589 686 2664 κηφῆνες
709 2583 791 2661 ἡμῶν
814 2581 885 2647 εἰσὶν
908 2581 932 2647 οἳ
954 2584 1109 2661 καθήμενοι

367 2699 416 2761 τὸν
439 2699 522 2762 πόνον
543 2696 748 2770 κατεσθίουσιν,
771 2697 803 2761 οὐ
824 2695 1098 2776 ταλαιπωρούμενοι.

369 2815 453 2874 τοῦτο
474 2809 501 2873 δ’
525 2807 586 2872 ἔστ’
613 2807 753 2886 ἄλγιστον
776 2809 858 2885 ἡμῖν,
882 2806 916 2879 ἦν
939 2831 983 2879 τις
1006 2807 1202 2885 ἀστράτευτος
1225 2809 1261 2870 ὤν

370 2924 477 3002 ἐκροφῇ
501 2923 549 2986 τὸν
573 2921 673 2998 μισθὸν
696 2921 788 2998 ἡμῶν,
812 2920 903 2993 τῆσδε
922 2926 976 2992 τῆς
999 2919 1098 2998 χώρας
1122 2920 1191 3000 ὑπὲρ

370 3033 448 3111 μήτε
469 3033 569 3107 κώσνρν
592 3033 670 3110 μήτε
692 3031 809 3111 λόγχην
833 3032 911 3110 μήτε
934 3030 1120 3113 φλύκταιναν
1144 3029 1254 3108 λαβών.

282 3221 334 3284 Ex
356 3221 555 3285 Ischomachi
578 3220 662 3283 dicto
684 3225 821 3303 apparet,
845 3224 982 3302 quantos
1004 3218 1138 3302 plausus
1160 3218 1216 3281 ifle
1234 3209 1358 3281 Aristo-

238 3334 353 3418 phanis
381 3333 490 3398 tulerit
521 3335 723 3417 comparatio,
754 3351 916 3416 quamque
945 3333 980 3395 in
1011 3332 1179 3396 hominum
1206 3331 1359 3395 memoria

239 3447 376 3511 haeserit
406 3450 437 3510 et
466 3448 500 3509 in
532 3447 753 3530 quotidianum
782 3464 960 3510 sermonem
984 3447 1146 3510 transierit
1168 3443 1256 3508 istud
1282 3443 1358 3524 „fu-

239 3558 371 3624 corum”
402 3578 527 3624 nomen.
550 3558 758 3643 Xenophonti
780 3564 888 3623 autem
910 3559 1068 3642 imprimis
1091 3558 1357 3642 Aristophaneam

239 3674 411 3758 imaginem
434 3661 593 3757 placuisse
614 3674 748 3736 minime
771 3678 819 3736 est
840 3672 1023 3736 mirandum
1036 3671 1069 3752 ¹).

276 3982 304 4048 l)
327 3983 377 4033 Vix
394 3998 458 4048 opus
474 3987 513 4033 est
530 3987 561 4032 ut
578 3983 661 4033 dicam
678 3982 745 4032 mihi
761 3997 814 4032 non
831 3981 976 4030 satisfacere
992 3978 1145 4042 Croisetnm,
1162 3977 1209 4041 qni
1225 3977 1257 4027 de
1273 3981 1361 4027 nostro

241 4075 295 4124 loco
318 4074 355 4125 ita
377 4075 492 4138 disputat
515 4075 550 4138 (p.
573 4071 649 4133 235ss
675 4073 757 4139 „c’est
781 4073 806 4122 hi
829 4086 882 4121 une
898 4071 1016 4120 curiense
1032 4082 1177 4132 remarque,
1195 4072 1221 4117 et
1237 4082 1290 4117 une
1307 4066 1362 4117 ides

241 4167 292 4216 sort
306 4166 384 4230 juste.
401 4165 544 4229 Xenophon
563 4179 640 4214 nese
657 4165 737 4214 borne
754 4177 799 4227 pas
814 4163 830 4212 a
847 4174 957 4211 enoncer
974 4163 1040 4209 cette
1056 4159 1089 4208 loi
1104 4157 1139 4208 du
1152 4157 1228 4222 style3
1245 4156 1362 4207 ildonne

243 4260 352 4307 souvent
377 4254 510 4318 l'exemple
532 4256 564 4305 de
585 4253 723 4305 l’obssrver
739 4257 766 4302 et
782 4251 840 4303 d’en
856 4251 920 4301 faire
937 4263 984 4300 son
1001 4246 1104 4313 profit'’.
1121 4247 1158 4298 Gi.
1175 4247 1254 4297 etiam
1271 4246 1362 4312 Cyrop.

243 4346 277 4411 11,
294 4344 318 4411 λ,
335 4344 377 4396 25.
1294 4340 1296 4344 '
