3330 5262
717 609 781 672 353

184 794 246 858 ἐπεὶ
268 792 395 868 ἥκουσαν
417 791 530 858 ὄπισθεν
552 791 638 866 ὄντας
661 793 727 866 τοὺς
747 793 998 872 Λακεδαιμονίους
1019 794 1203 877 στραφέντες
1216 797 1310 878 δρόμῳ

151 975 154 981 .
185 905 276 971 τώλιν
310 908 343 971 εἰν
376 911 427 972 τοῦ
462 907 674 988 σταυρώματος
707 903 872 982 ἐξέπιπτον.
908 907 1003 973 Unde
1034 913 1065 973 et
1099 929 1163 993 quo
1195 905 1312 984 ἐξῆλθον

188 1021 359 1106 Spartani?
393 1022 432 1085 In
464 1028 613 1107 promptu
644 1028 693 1088 est
724 1022 933 1107 respondere:
965 1022 998 1086 ἐκ
1030 1025 1080 1086 τοῦ
1100 1023 1313 1104 σταυρώματος

187 1139 315 1219 portum
339 1155 461 1200 versus.
489 1136 534 1200 At
556 1156 718 1219 nusquam
740 1135 896 1200 traditum
919 1139 967 1199 est
990 1135 1173 1220 Spartanos
1199 1137 1254 1220 qui
1278 1139 1314 1201 in
1338 1184 1340 1190 r

188 1249 318 1314 dextero
350 1245 451 1314 cornu
475 1254 628 1314 steterant
650 1251 736 1331 (nam
759 1249 980 1332 Pasymachus
1005 1249 1124 1314 medice
1148 1249 1313 1332 Sicyonio-

188 1382 259 1428 rum
290 1363 368 1427 aciei
400 1363 523 1426 auxilio
552 1368 692 1446 venerat,
716 1363 864 1447 repulsae
886 1362 934 1425 illi
956 1365 1021 1427 iam
1043 1363 1084 1427 ad
1107 1366 1258 1447 portum),
1280 1363 1312 1427 τὸ

187 1471 348 1554 σταώρομα
379 1480 570 1559 penetrasse.
598 1475 641 1540 nt
662 1477 689 1540 si
712 1477 775 1539 iem
799 1480 927 1560 portum
951 1495 1065 1540 versus
1089 1475 1122 1539 ἐκ
1144 1480 1196 1540 τοῦ
1220 1499 1312 1540 σταυ-

186 1586 319 1668 ρώροατος
343 1584 460 1663 ἐξῆλθον
483 1588 640 1674 Spartani,
664 1609 763 1674 quare
786 1594 855 1654 tum
881 1591 1011 1654 demum
1033 1587 1147 1653 ώτισώεν
1166 1583 1236 1653 εἶναι
1256 1593 1312 1653 τών

187 1699 324 1782 Ἀργείων
348 1702 509 1786 dicuntur,
532 1705 589 1788 qui
615 1723 717 1787 usque
742 1704 781 1767 ad
805 1707 935 1789 portum
960 1703 1128 1786 Sicyonios
1151 1705 1312 1788 persecuti

189 1817 301 1880 erant?
333 1816 435 1882 Multo
467 1819 551 1882 enim
582 1820 683 1902 magis
706 1815 819 1882 ώτισθεν
843 1820 898 1881 τών
922 1815 1061 1898 Ἀργείων
1085 1823 1185 1900 erant,
1208 1839 1311 1902 quum

189 1931 282 1994 etiam
308 1936 398 1996 erant
418 1933 503 1997 inter
526 1929 688 2012 σταύρωμα
712 1931 897 2016 urbemque.
921 1931 963 1996 nt
984 1921 1041 2015 qui
1059 1939 1196 2017 possunt
1217 1931 1310 2017 Spar-

188 2047 254 2108 tani
276 2047 360 2110 inter
382 2043 544 2126 σταώροριιι
564 2051 759 2130 portumque
778 2046 948 2111 redeuntes
969 2067 987 2110 a
1007 2047 1229 2130 persecutione
1249 2047 1310 2110 Ar-

186 2160 279 2242 givos
303 2160 432 2245 aggredi
455 2159 484 2222 ἐν
508 2159 642 2242 οὶριστερρῖ
666 2155 785 2238 ἔχοντες
809 2159 841 2222 τὸ
865 2157 1050 2238 σταώρωμαῗ
1074 2159 1158 2224 Nam
1182 2160 1231 2224 fac
1251 2160 1311 2225 ώτό

185 2275 237 2336 τοῦ
275 2271 491 2351 σεσιωπημένα
523 2293 592 2338 esse
623 2273 867 2356 intelligendum
891 2293 945 2338 eos
967 2273 1053 2337 idem
1076 2273 1199 2356 fecisse,
1224 2274 1311 2357 quod

186 2390 219 2450 et
252 2385 291 2451 ad
322 2386 475 2452 Nemeam
506 2387 660 2470 fecerunt,
691 2392 727 2452 ut
756 2388 857 2452 aciem
880 2386 1088 2470 inflecterent,
1111 2389 1157 2451 ita
1180 2388 1310 2451 demum

186 2499 218 2563 τὸ
253 2499 415 2581 σταώρώροα
449 2506 597 2586 poterant
630 2501 660 2565 ἕν
691 2501 826 2582 ώριστερᾷ
854 2496 944 2578 ἔχειν,
977 2502 1005 2564 si
1034 2502 1118 2565 inter
1147 2499 1256 2565 urbem
1278 2506 1309 2565 et

187 2611 349 2695 σταύρωμα
381 2621 478 2680 erant.
502 2616 621 2680 Tamen
645 2611 807 2690 ἐξελθόντες
830 2615 864 2678 id
887 2614 1076 2699 significare,
1100 2616 1187 2700 quod
1211 2636 1308 2700 supra

186 2728 339 2812 dicebam,
361 2729 485 2814 liquido
518 2734 649 2814 apparet
672 2749 713 2794 ex
736 2730 785 2812 iis,
811 2748 893 2812 quae
916 2729 976 2793 hoc
998 2731 1068 2814 ipso
1090 2730 1160 2794 loco
1186 2730 1225 2794 de
1246 2730 1309 2794 Ar-

183 2843 267 2926 givis
299 2843 468 2908 dicuntur:
492 2842 539 2905 illi
563 2843 648 2906 enim
672 2863 691 2906 a
712 2846 807 2926 portu
831 2842 1001 2907 redeuntes
1024 2838 1179 2916 ἐξέπιπτον
1202 2842 1235 2906 εἰι
1255 2846 1306 2907 τοῦ

185 2953 405 3036 σταυρώματος,
440 2975 517 3040 ergo
551 2957 587 3019 in
620 2975 689 3020 eam
725 2961 856 3040 partem,
892 2957 979 3021 unde
1010 2963 1172 3041 venerant,
1195 2957 1229 3021 id
1261 2961 1308 3022 est

184 3070 298 3135 urbem
320 3090 448 3136 versus:
475 3072 623 3154 sequitur
643 3090 718 3154 ergo
738 3090 789 3135 res
810 3069 1048 3155 absurdissima,
1067 3076 1104 3136 ut
1117 3071 1265 3156 Spartani
1277 3077 1308 3136 et

185 3184 299 3268 Argivi
323 3205 436 3250 manus
462 3186 693 3269 conseruerint,
711 3185 789 3248 dum
808 3185 891 3249 inter
910 3183 978 3249 illos
998 3183 1029 3248 το
1042 3182 1203 3265 σταύρωμα
1215 3191 1308 3251 esset.

230 3296 423 3382 Oorruptnm
453 3299 553 3382 igitur
583 3297 839 3382 lacunosumque
870 3302 973 3362 totum
1005 3298 1043 3362 de
1076 3297 1220 3363 Corinthi
1253 3319 1308 3384 op-

185 3413 380 3496 pugnatione
408 3412 517 3476 locum
547 3431 626 3495 esse,
657 3413 767 3496 negari
791 3432 857 3476 non
882 3417 1000 3496 potest:
1026 3412 1082 3477 sed
1104 3413 1192 3478 haud
1214 3413 1307 3478 facile

184 3530 314 3610 statuas,
339 3546 420 3610 quae
442 3525 509 3591 fere
532 3546 639 3611 quove
662 3527 732 3590 loco
756 3527 942 3591 exciderint.

226 3639 283 3724 IV,
308 3641 358 3704 10.
382 3640 590 3706 Pasimachus
611 3640 674 3724 ille,
698 3641 737 3705 de
760 3661 824 3725 quo
849 3661 946 3725 supra
971 3640 1092 3704 dictum
1118 3645 1174 3724 est,
1194 3639 1305 3723 Sicyo·

183 3755 246 3818 niis
278 3773 469 3819 succurrens
500 3751 674 3826 ιιαταδώσας
705 3751 765 3818 atre
789 3751 906 3834 δένδρων
929 3751 995 3825 τοὺς
1019 3749 1125 3826 ἵοισιους
1148 3750 1200 3816 καὶ
1223 3753 1304 3836 οἰφε-

182 3867 302 3944 λώριενορ
324 3868 380 3938 τας
402 3866 538 3940 ώσσίδας
562 3867 658 3930 αὐτῶν
683 3865 764 3944 μετὰ
787 3870 844 3930 τών
867 3866 1018 3930 ἐθελοντῶν
1041 3865 1084 3947 ᾔει
1104 3866 1229 3932 ἐναντίον
1242 3873 1304 3941 τοῖς

160 4029 163 4036 .
185 3978 332 4060 Ἀργείοις.
357 3981 523 4046 Praestare
546 3982 674 4065 opinor:
699 3978 779 4058 μετὰ
799 3982 854 4043 τών
874 3978 1034 4053 ἐώελώντον,
1058 3981 1108 4045 vel
1126 3981 1306 4047 lenitrans·

182 4094 338 4177 positione
368 4093 436 4171 μετ’
459 4093 555 4158 αὐτῶν
578 4090 739 4157 ε’ώειώντων.
763 4092 836 4157 Non
861 4095 946 4158 enim
971 4098 1138 4158 narratum
1162 4099 1211 4159 est
1232 4116 1305 4179 par-

182 4211 246 4271 tem
269 4208 400 4273 illorum
424 4209 568 4293 equitum
593 4205 745 4280 ἕώελσνσώς
766 4208 874 4273 fuisse.

226 4319 326 4406 Caput
355 4322 395 4406 V,
425 4324 454 4386 4.
485 4321 572 4387 Dum
594 4322 766 4407 Agesilaus
791 4342 848 4407 per
870 4322 1036 4407 planitiem
1059 4341 1134 4386 cum
1157 4324 1304 4387 exercitu

1171 4431 1206 4484 2³
