3348 5262
706 567 770 630 229

182 775 256 819 nem
281 757 315 817 in
338 754 474 818 Phaedri
497 755 638 817 oratione
660 754 798 836 legisset,
821 759 852 817 et
874 773 915 818 ne
938 755 972 816 in
993 772 1029 817 ec
1050 773 1155 818 errore
1175 756 1304 837 quidem

182 868 244 932 sibi
267 869 456 949 constitisse,
480 886 581 950 quum
606 867 780 930 sententiae
799 873 1024 950 argumentum
1044 887 1086 931 ex
1104 869 1208 951 ipsius
1220 868 1304 932 Pau-

182 983 291 1045 saniae
316 982 457 1045 oratione
480 985 609 1064 peteret.

226 1560 323 1625 Nunc
354 1579 393 1623 ne
425 1561 497 1643 quis
531 1577 650 1640 eorum,
683 1560 738 1642 qui
768 1578 819 1623 me
846 1578 912 1622 non
936 1562 1060 1641 norunt,
1083 1557 1227 1622 fraudem
1251 1579 1303 1623 me

183 1675 382 1740 commisisse
410 1675 533 1755 clamet,
556 1678 586 1737 et
610 1673 713 1737 aliena
735 1673 922 1757 compilasse
945 1675 1061 1738 scrinia
1086 1711 1127 1719 -
1152 1676 1304 1758 suspicax

182 1790 268 1853 enim
292 1806 380 1850 nunc
404 1791 451 1850 est
473 1786 712 1870 Philologorum
736 1806 815 1870 gens
839 1792 869 1850 et
892 1787 932 1850 ad
951 1788 1136 1870 turpissima
1157 1807 1304 1871 quaeque

183 1902 340 1966 credenda
362 1903 447 1965 iusto
472 1900 724 1985 propensior-
747 1901 851 1984 palam
873 1899 1030 1983 profiteor,
1054 1920 1111 1964 sex
1135 1901 1191 1964 illa
1210 1922 1304 1986 argu-

182 2021 297 2097 menta,
322 2015 440 2098 quibus
464 2033 565 2078 meam
590 2015 779 2078 sententiam
804 2013 971 2078 defendere
993 2019 1127 2078 conatus
1146 2035 1227 2098 sum,
1240 2017 1303 2080 iam

181 2129 282 2192 multo
307 2132 379 2192 ante
403 2133 478 2192 nota
501 2147 570 2192 esse
593 2129 736 2211 potuisse
760 2127 919 2208 omnibus,
940 2147 1036 2209 quam
1055 2147 1113 2211 ego
1127 2129 1304 2212 quidquam

184 2243 223 2307 de
262 2241 477 2326 Xenophonte
512 2241 650 2306 scribere
684 2242 866 2324 coepissem.
900 2239 1037 2304 Nullum
1072 2244 1157 2306 enim
1192 2261 1304 2307 eorum

183 2358 290 2421 omisit
312 2355 443 2440 Hugius
466 2359 500 2419 in
523 2356 684 2440 praeclara
707 2355 761 2417 illa
785 2355 1008 2437 disputatione,
1033 2375 1115 2438 quae
1136 2357 1172 2418 in
1192 2357 1304 2439 quinto

183 2470 348 2533 volumine
379 2469 479 2548 diarii,
510 2489 535 2532 c.
560 2475 580 2533 t.
612 2468 808 2552 Philologus,
830 2468 956 2552 legitur,
980 2466 1101 2544 Quodsi
1127 2471 1198 2552 quis
1221 2469 1303 2532 forte

184 2585 326 2662 miratur,
350 2589 456 2647 tamen
479 2583 534 2646 illa
557 2603 608 2646 me
630 2583 682 2646 hio
706 2585 867 2666 repetisse,
887 2583 969 2656 hanc
989 2585 1052 2647 mei
1073 2585 1304 2647 oonsiliiratio-

182 2716 256 2760 nem
287 2697 387 2760 fuisse
419 2701 596 2780 cognoscat.
626 2695 767 2779 Hugius,
792 2715 873 2780 quae
901 2702 949 2760 est
972 2699 1042 2760 eius
1064 2699 1209 2780 impensa
1232 2698 1304 2761 doc-

183 2811 267 2873 trina
301 2814 396 2893 atque
430 2811 551 2893 ingenii
585 2811 749 2893 sagacitas,
780 2811 940 2892 ingentem
974 2810 1099 2893 collegit
1130 2829 1303 2873 numerum

181 2925 334 3005 locorum,
371 2943 387 2987 e
423 2923 540 3006 quibus
576 2928 749 3006 appareret,
780 2929 853 2987 ante
885 2923 1086 2987 Platonicum
1112 2922 1304 2987 Conuiuium

181 3036 452 3120 Xenophonteum
476 3037 629 3119 scriptum
653 3037 839 3120 editumque
864 3055 941 3100 esse.
965 3036 1026 3100 Sed
1052 3038 1206 3120 quoniam
1226 3037 1304 3100 mihi

182 3171 299 3234 magna
329 3149 382 3212 illa
412 3155 683 3233 argumentorum,
706 3157 771 3213 tam
799 3152 956 3214 leviorum
981 3171 1076 3234 quam
1100 3152 1305 3234 gravissimo·

180 3285 262 3346 rum,
287 3265 375 3346 copia
401 3264 440 3327 ad
463 3263 720 3346 persuadendum
745 3265 853 3326 minus
877 3269 950 3347 apta
975 3263 1104 3328 videtur
1127 3303 1169 3310 —
1189 3269 1305 3328 nocent

181 3378 266 3440 enim
296 3376 497 3460 gravioribus
528 3377 656 3458 leviora,
679 3379 785 3459 iisque
816 3378 936 3439 virium
960 3377 1081 3460 aliquid
1106 3378 1238 3441 demunt
1262 3415 1303 3424 --

181 3511 218 3556 ea
249 3492 327 3555 mihi
356 3494 559 3575 potissimum
589 3492 735 3575 eligenda
764 3497 861 3576 atque
885 3510 1029 3555 seorsum
1054 3492 1212 3555 afferenda
1236 3511 1305 3555 esse

182 3606 250 3668 visa
273 3611 357 3687 sunt,
382 3625 463 3689 quae
488 3607 622 3669 maximi
646 3611 752 3670 essent
776 3607 945 3669 momenti:
972 3607 1018 3670 sic
1042 3609 1128 3670 enim
1147 3606 1215 3669 fore
1238 3625 1303 3670 cre-

181 3719 304 3802 debam,
328 3725 363 3783 ut
386 3720 581 3803 permultum
606 3739 641 3783 ea
667 3720 771 3784 valere
795 3740 892 3803 quam
916 3721 1056 3784 maxime
1074 3719 1164 3783 fieret
1184 3721 1304 3802 perspi-

184 3853 290 3897 cuum.
319 3832 444 3897 Deinde
468 3840 500 3897 et
529 3834 589 3896 hoc
613 3834 829 3898 demonstrare
853 3832 1009 3913 volebam,
1032 3851 1092 3915 me,
1115 3853 1216 3916 quum
1238 3851 1303 3896 me-

182 3967 256 4010 cum
288 3949 357 4011 sine
388 3947 452 4010 ullo
484 3947 580 4011 alieni
608 3947 681 4010 libri
706 3948 888 4011 adiumento
913 3947 952 4010 de
976 3953 1112 4029 utroque
1135 3945 1303 4030 Convivis,

182 4062 286 4145 deque
308 4063 438 4143 ratione,
462 4081 544 4144 quae
562 4064 646 4125 inter
665 4081 702 4125 ea
719 4061 938 4142 intercederet,
951 4060 1167 4142 deliberarem,
1179 4060 1299 4143 eodem,

182 4195 246 4259 quo
270 4174 426 4258 Hugium,
450 4177 633 4258 pervenisse
656 4175 753 4258 idque
770 4173 883 4236 iisdem
904 4175 1072 4257 praecipue
1092 4175 1299 4256 argumentis

183 4289 279 4372 quod,
304 4290 451 4373 quamvis
474 4288 670 4353 levissimam
695 4307 798 4352 meam
819 4304 889 4351 esse
912 4288 1132 4350 auctoritatem
1156 4288 1300 4369 sentiam,
