3330 5262
762 593 826 656 399

407 778 449 860 Π,
488 779 517 840 4.
551 777 604 840 Ex
636 775 794 842 Laconica
828 776 946 842 cedunt
979 776 1094 841 hostes.
1129 776 1217 841 Idem
1254 777 1350 842 tradi-

365 898 419 956 tur
439 890 496 974 Ἦ,
522 893 551 973 5,
575 891 615 954 50
635 911 687 975 sq.
1303 963 1309 974 ,

406 1002 449 1086 11,
469 1004 563 1066 5—9.
583 1002 670 1067 Dum
689 1002 832 1067 Thebani
853 1001 977 1067 Oneum
999 1009 1158 1088 superant,
1178 1009 1351 1068 occurrunt

362 1119 403 1181 iis
426 1117 567 1180 Arcades
590 1122 620 1181 et
643 1116 804 1190 Eleenses,
827 1121 867 1198 et,
889 1121 1060 1200 antequam
1082 1136 1116 1182 se
1136 1136 1210 1182 oum
1230 1117 1351 1182 Theba-

365 1231 414 1295 nis
434 1232 640 1313 ooniungant,
659 1229 844 1294 Phliuntem
864 1230 1102 1314 aggrediuntur,
1123 1230 1351 1314 sedrepellun·

364 1350 424 1409 tur.
454 1344 513 1408 Illa
533 1342 754 1409 Thebanorum
781 1343 940 1427 expeditio
965 1344 1122 1428 descripta
1147 1348 1196 1408 est
1218 1343 1251 1407 L.
1276 1343 1350 1428 VH,

367 1458 395 1541 1,
420 1459 460 1521 15
485 1461 516 1522 et
531 1459 589 1520 .18.
630 1447 632 1452 ’

407 1572 449 1653 II,
481 1572 530 1635 10.
562 1571 659 1635 Anno
689 1576 761 1656 post
792 1571 907 1654 Argivi
938 1576 969 1636 et
998 1571 1141 1636 Arcades
1164 1571 1348 1635 Phliuntem

365 1704 550 1769 expugnare
572 1684 691 1749 frustra
715 1689 879 1748 conantur.

276 1797 415 1862 Tandem
439 1803 495 1862 aut
518 1799 537 1880 ξ
562 1799 600 1860 ll
626 1803 682 1862 aut
705 1797 724 1878 ξ
749 1797 790 1860 20
804 1795 827 1878 ¹)
851 1798 963 1881 eapitis
984 1797 1018 1860 H
1042 1798 1176 1881 scriptor
1193 1797 1287 1862 rediit
1311 1798 1350 1862 ad

233 1909 313 1974 illud
343 1915 468 1995 tempus
500 1912 585 1975 unde
612 1911 631 1992 ξ
657 1911 673 1972 1
699 1914 747 1974 est
770 1910 942 1994 digressus.
966 1909 1052 1995 Ergo
1076 1928 1157 1994 quae
1180 1912 1264 1975 inter
1286 1911 1305 1993 ξ
1330 1913 1348 1974 2

233 2029 263 2088 et
299 2025 339 2088 20
375 2025 534 2110 leguntur,
567 2031 658 2108 gesta
688 2032 765 2092 sunt
795 2028 902 2090 omnia
934 2029 1007 2090 ante
1038 2044 1089 2089 res
1113 2025 1131 2106 ἕ
1158 2026 1174 2087 1
1200 2030 1349 2103 narratas,

234 2156 338 2220 neque
373 2139 392 2218 ξ
424 2139 442 2200 5
474 2141 538 2201 iam
567 2139 773 2203 Tricaranum
796 2140 831 2202 in
853 2140 994 2202 hostium
1019 2158 1133 2202 manus
1155 2143 1350 2222 pervenerat,

235 2250 322 2334 quod
345 2250 364 2331 ξ
391 2251 407 2312 1
434 2249 536 2314 abiis
561 2256 748 2334 occupatum
773 2251 919 2335 legimus.
944 2250 1006 2315 Sed
1028 2251 1212 2333 turpissime
1232 2252 1351 2314 erravit

234 2362 394 2436 Diodorus
418 2363 554 2447 Siculus,
575 2365 632 2448 qui
652 2363 737 2446 (XV,
757 2364 810 2444 69)
830 2365 927 2428 simtd
938 2383 1011 2428 cum
1025 2363 1162 2446 Sicyone
1174 2369 1205 2428 et
1216 2363 1350 2428 Phliun-

234 2482 297 2542 tem
334 2477 373 2540 ab
408 2475 631 2561 Epaminonda
667 2477 834 2542 subactum
865 2477 966 2561 fingit,
997 2496 1071 2561 ergo
1102 2497 1201 2560 quum
1234 2478 1350 2542 iterum

233 2591 420 2655 invaderent
443 2589 699 2674 Peloponnesum
722 2591 870 2674 Thebani,
894 2591 932 2656 de
952 2609 1016 2674 qua
1034 2592 1201 2655 invasione
1214 2590 1350 2674 legimus

233 2706 317 2789 apud
349 2705 597 2790 Xenophontem
626 2725 651 2769 c.
674 2705 700 2787 I,
725 2707 774 2769 18.
797 2704 887 2769 Duas
911 2706 997 2769 enim
1020 2724 1071 2769 res
1094 2723 1112 2769 e
1134 2703 1350 2789 Xenophonte

234 2823 318 2882 certo
343 2821 582 2903 cognoscimus:

277 2930 301 2994 1.
327 2931 417 2997 Certe
441 2953 505 2997 non
529 2953 594 2997 una
616 2953 690 2997 oum
710 2932 847 3015 Sicyone
867 2932 1049 2998 Phliuntem
1069 2932 1108 2997 ab
1127 2931 1349 3017 Epaminonda

233 3064 303 3110 esse
337 3051 474 3130 captum,
505 3047 662 3130 siqnidem
695 3045 838 3128 Sicyonii
871 3051 901 3110 et
923 3047 987 3129 ipsi
1009 3049 1046 3125 (o.
1069 3045 1112 3127 H,
1138 3045 1168 3127 1)
1191 3046 1274 3109 inter
1296 3063 1350 3109 eos

233 3163 316 3241 sunt,
341 3161 397 3242 qui
420 3159 615 3242 Phliuntem,
638 3158 759 3242 urbem,
780 3179 862 3243 quae
881 3161 945 3222 iam
965 3177 1057 3242 saepe
1077 3158 1224 3223 hostibus
1236 3160 1349 3223 acriter

232 3275 398 3355 restiterat,
421 3291 606 3356 expugnare
629 3273 768 3337 student.

274 3385 316 3448 Il.
350 3384 520 3450 Probabile
555 3405 624 3451 esse
658 3404 715 3470 per
749 3391 853 3450 totum
885 3386 965 3451 illud
996 3392 1132 3472 tempus
1163 3387 1202 3452 de
1227 3407 1291 3472 quo
1316 3389 1350 3451 in

231 3497 407 3564 Hellenicis
432 3501 548 3583 agitur,
571 3520 737 3583 nunquam
761 3499 946 3565 Phliuntem
965 3521 984 3565 a
1003 3499 1232 3586 Spartanorum
1252 3502 1350 3565 hosti·

233 3611 295 3675 bus
318 3618 444 3696 captum
467 3632 544 3678 esse.

276 3723 417 3807 Accedit,
440 3726 526 3808 qnod
547 3727 616 3810 ipse
639 3725 700 3790 sibi
723 3725 885 3791 Diodorus
910 3726 1103 3810 obloquitur,
1123 3728 1182 3811 qui
1201 3724 1285 3810 (XV,
1298 3727 1350 3808 75)

232 3837 272 3901 de
302 3836 451 3902 Phliasiis
481 3839 589 3904 eadem
621 3859 703 3923 quae
732 3838 914 3922 Xenophon
937 3843 1052 3903 narrat.
1076 3839 1129 3902 Ex
1153 3843 1219 3903 tota
1241 3845 1347 3904 autem

264 4146 291 4212 l)
311 4147 378 4198 Illud
399 4147 467 4198 dicas
490 4152 593 4212 propter
609 4149 622 4214 ἓ
638 4147 679 4214 11,
696 4149 742 4199 nbi
760 4146 800 4197 lala
817 4149 860 4196 τοῦ
878 4147 1018 4207 Τρικαράνου
1035 4147 1121 4199 hostes
1139 4148 1239 4200 venisse
1256 4147 1348 4200 dicun-

231 4243 283 4304 tur,
306 4238 356 4290 hoc
377 4245 480 4305 propter
502 4240 516 4305 ἓ
538 4237 578 4304 20,
597 4241 642 4291 ubi
659 4237 722 4291 haec
737 4240 873 4306 leguntur:
891 4239 976 4300 χωρίον
994 4241 1041 4300 γὰρ
1060 4237 1100 4288 ἐπὶ
1117 4241 1167 4297 τοῖς
1184 4239 1241 4299 ὅροις
1257 4237 1311 4300 ἡμῖν
1329 4240 1353 4287 οἱ

232 4330 347 4380 Σικυώνιοι
363 4333 506 4399 τειχίζουσι,
522 4348 575 4398 quo
592 4332 682 4398 respici
699 4333 801 4384 videtur
818 4333 850 4382 ad
868 4332 902 4398 id,
919 4332 989 4403 quod
1005 4332 1018 4396 5
1036 4329 1051 4381 1
1069 4335 1205 4382 narratum
1220 4336 1268 4382 est.
