3352 5260
660 643 661 646 ¹
750 617 814 680 163

212 804 290 867 dum
308 807 357 866 est
375 803 435 865 hoo
457 800 598 882 verbum,
619 821 716 886 quam
735 802 957 885 praecedentia
974 797 1087 872 εἰδότας
1100 806 1131 865 et
1142 801 1333 878 ἀγνοοῦντας.

212 914 347 978 Librarii
382 919 413 978 et
445 916 644 998 grammatici
679 933 744 977 non
779 932 977 996 concoquere
1012 915 1155 997 potuisse
1187 915 1340 978 videntur

213 1028 415 1112 participium
439 1048 458 1090 a
478 1028 644 1112 participio
667 1026 820 1111 pendeus.

258 1142 286 1204 6.
314 1140 457 1205 Verbum
490 1138 694 1219 συνεπισχύειυ
725 1159 823 1204 sensu
855 1141 958 1204 activo
980 1139 1041 1203 ‘hic
1072 1140 1213 1222 positum
1244 1160 1339 1224 argu·
1398 1224 1401 1228 ἡ

213 1255 329 1320 montis
357 1254 632 1319 adnumerandum
656 1259 713 1336 est,
736 1253 855 1337 quibus
879 1253 939 1316 hoc
962 1256 1059 1336 caput
1082 1272 1100 1315 a
1123 1251 1340 1336 Xenophonte

213 1369 368 1451 scriptum
392 1387 458 1431 non
480 1386 549 1432 esse
572 1371 731 1451 appareat.

260 1479 362 1565 Caput
391 1481 431 1564 V,
463 1483 491 1545 3.
522 1481 641 1546 Utrum
669 1479 889 1564 interpolatori
912 1498 953 1542 an
977 1478 1107 1544 librario
1130 1477 1340 1542 tribuendum

215 1595 257 1658 sit
278 1594 366 1659 istud
389 1592 456 1674 πρὸ
479 1591 596 1657 πθντοιν
620 1590 784 1673 χρημάτων
806 1590 946 1671 πριαίμην
970 1589 1224 1656 θν1111111111101111
1244 1591 1340 1656 dicae.

212 1707 285 1790 ipso
314 1706 497 1792 Xenophon
527 1713 583 1771 aot
613 1708 879 1791 praepositionem
912 1702 964 1785 ποθ
995 1706 1163 1788 omisisset,
1195 1708 1251 1769 aut
1276 1705 1339 1768 alio

212 1819 309 1884 verbo
333 1817 369 1902 (e.
392 1841 437 1904 gr.
461 1817 613 1901 εὔχεσθαι)
636 1839 718 1884 usus
744 1823 837 1884 esset.

258 1931 360 2017 Caput
380 1933 437 2016 VI,
457 1935 487 1996 4.
508 1932 676 1997 Soloeoum
696 1938 745 1997 est
763 1931 786 1995 εῖ
806 1930 837 1995 δέ
856 1953 901 2004 τις
920 1929 1027 1994 τούτων
1047 1927 1102 2009 μὲν
1122 1929 1214 2008 μηδὲν
1237 1927 1340 2009 ἔχοι,

212 2039 245 2110 εὖ
276 2046 308 2110 δὲ
338 2047 466 2126 πάσχων
497 2045 699 2127 ἀνέχεται.
731 2047 816 2135 Lege
847 2043 919 2126 ἕχει.
952 2047 1041 2111 Idem
1064 2049 1178 2112 vitium
1203 2047 1341 2110 recurrit

214 2160 233 2242 ξ
269 2161 320 2243 14,
353 2161 409 2225 sed
442 2160 489 2225 ibi
522 2163 630 2226 minus
661 2163 754 2226 etiam
786 2161 955 2226 ferendum
990 2165 1046 2224 est.
1076 2160 1208 2244 Legitur
1232 2162 1339 2224 enim:

213 2271 306 2344 δοκεῖς
339 2295 388 2350 μοι
422 2271 518 2350 λέγειν
552 2273 598 2346 ὡς,
633 2273 657 2336 εῖ
690 2272 911 2350 μέλλοιμεν
942 2270 1054 2349 ἀγαθόν
1085 2295 1150 2336 τινα
1180 2270 1339 2345 κτήσεσθαι

212 2383 309 2466 φίλον,
333 2385 440 2458 αὐτοὺς
463 2387 545 2464 ἡμεῖς
568 2385 696 2463 ἀγαθοὺς
718 2386 766 2450 δεῖ
788 2384 931 2463 γενέσθαι,
958 2405 1015 2470 pro
1039 2385 1062 2448 εῖ
1085 2384 1247 2462 μέλλομεν.

260 2499 311 2560 25.
335 2497 358 2561 ri
381 2496 413 2561 δέ
435 2521 522 2570 τις..
537 2546 566 2561 ..
592 2496 684 2579 ι”ιρξας
702 2498 814 2577 οῖγαθθν
834 2522 862 2562 τι
882 2505 972 2563 ποιεῖν
989 2497 1041 2571 τὴν
1054 2496 1183 2579 πατρίδα
1195 2500 1338 2580 πειρᾶται.

213 2611 263 2675 Ne
297 2614 370 2694 quis
403 2613 438 2675 in
472 2613 638 2696 participio
672 2609 763 2693 ἄρξας
795 2614 900 2695 (ouius
932 2632 1047 2678 sensus
1078 2618 1142 2678 est:
1167 2617 1340 2697 postquam

213 2727 346 2809 imperio
372 2727 491 2809 potitus
514 2727 572 2808 est)
596 2727 732 2807 haereat,
753 2727 842 2790 huno
866 2745 883 2790 e
905 2726 1003 2807 Lysia
1026 2726 1127 2810 (XIV,
1154 2727 1207 2808 36)
1230 2727 1340 2790 locum

213 2838 408 2904 adscribam:
433 2838 532 2911 ἐπειδὴ
554 2842 670 2902 πολλῶν
693 2833 763 2919 ἦρξε·
781 2838 905 2919 τριήροιν.

259 2951 309 3014 27.
334 2950 409 3014 πολὺ
431 2951 462 3015 δὲ
481 2959 608 3032 κρεῖττον
628 2951 695 3022 τοὺς
714 2950 888 3029 βελτίστους
907 2949 1069 3024 ε’λθττονας
1089 2950 1176 3024 ὄντας
1196 2945 1227 3014 εὗ
1246 2957 1338 3015 ποιεῖν

214 3061 231 3138 ἢ
255 3063 321 3136 τοὺς
339 3065 471 3145 χείρονας
490 3064 626 3136 πλείονας
644 3063 739 3136 ὄντας.
762 3065 866 3129 Multo
886 3067 1004 3130 rectius
1024 3066 1084 3129 hoo
1105 3066 1225 3130 dictum
1246 3070 1340 3150 esset,

214 3181 241 3242 si
274 3199 331 3263 pro
364 3177 526 3251 ἐλάττονας
560 3179 719 3263 legeretur
752 3177 866 3255 ὀλίγους
897 3179 950 3243 vel
980 3178 1168 3258 ἐλαχίστους.
1192 3179 1254 3244 Sed
1277 3180 1337 3244 hoo

214 3293 342 3376 quidem
374 3293 598 3378 Xenophontis
621 3295 738 3357 vitium
762 3293 906 3373 videtur;
931 3292 1019 3357 aliud
1041 3294 1091 3357 his
1115 3293 1221 3359 verbis
1245 3295 1339 3378 inest,

214 3407 301 3491 quod
324 3409 354 3471 ei
376 3409 533 3490 imputare
555 3426 675 3472 vereor.
697 3406 750 3471 Ex
773 3408 932 3490 paucitate
956 3408 1041 3471 enim
1066 3406 1238 3491 proborum
1258 3409 1338 3471 ami-

214 3539 324 3584 corum
347 3540 412 3584 non
432 3525 562 3605 apparot
580 3519 690 3585 melius
709 3539 787 3603 esse,
807 3520 880 3584 illos
901 3519 1027 3584 afficere
1047 3519 1220 3604 beneficiis,
1240 3542 1338 3605 quam

212 3633 382 3718 improbos,
404 3634 461 3698 sed
477 3632 606 3714 facilius
624 3653 702 3698 esse.
722 3631 907 3717 Legendum
930 3652 1007 3717 orgo
1028 3652 1141 3698 censeo
1161 3635 1235 3714 ῥᾷον,
1250 3635 1338 3717 quod

212 3746 303 3810 facile
324 3749 357 3810 iu
381 3769 469 3826 οεισον
491 3747 578 3812 abire
597 3749 710 3832 potuit,
729 3747 827 3830 idque
848 3746 998 3811 librarius
1017 3747 1135 3830 aliquis
1156 3765 1214 3811 suo
1232 3745 1338 3810 Marte

214 3861 353 3924 correxit
376 3861 505 3925 scilicet
550 3889 552 3891 >

258 3976 310 4038 28.
333 3971 472 4053 ὥρμημαι
494 3971 544 4037 ἐπὶ
567 3973 600 4038 τὸ
622 3976 717 4053 crasa
739 3997 772 4037 τε
794 3972 900 4044 αὐτοὺς
923 3972 1142 4052 ἀντιφιλεῖσθαι
1163 3969 1213 4034 ὑπ’
1238 3972 1336 4035 αὐτῶν

210 4083 263 4150 καῖ
286 4087 377 4149 ποθιῖν
395 4086 607 4149 ἀντιποθεῖσθαι
625 4084 677 4149 καὶ
697 4085 841 4162 ἐπιθυμῶν
861 4081 987 4158 ξυνεῖναι
1007 4083 1056 4148 καὶ
1076 4084 1336 4162 ἀντεπιθυμεῖσθαι

213 4206 265 4273 τῆς
287 4195 448 4272 ξυνουσίας.
475 4197 559 4274 Quid
583 4199 687 4264 dicere
705 4199 782 4263 velit
802 4198 946 4263 Socrates
966 4199 1036 4261 eius
1057 4196 1151 4281 eulpa
1163 4195 1337 4262 obscurum

208 4313 330 4378 factum
359 4319 416 4396 est,
445 4315 598 4396 quiante
621 4311 876 4390 ἀντεπιθυμεῖσθαι
900 4313 1038 4375 inseruit
1060 4311 1251 4396 particulam
1274 4309 1335 4375 καῖ.
