<?xml version="1.0" encoding="UTF-8"?>
<!DOCTYPE html PUBLIC "-//W3C//DTD XHTML 1.0 Transitional//EN"
    "http://www.w3.org/TR/xhtml1/DTD/xhtml1-transitional.dtd">
<html xmlns="http://www.w3.org/1999/xhtml" xml:lang="en" lang="en">
 <head>
  <title>
</title>
<meta http-equiv="Content-Type" content="text/html;charset=utf-8" />
  <meta name='ocr-system' content='tesseract 3.04.00' />
  <meta name='ocr-capabilities' content='ocr_page ocr_carea ocr_par ocr_line ocrx_word'/>
</head>
<body>
  <div class='ocr_page' id='page_1' title='image "./analectaxenopho00hartgoog_0075.png"; bbox 0 0 3354 5268; ppageno 0'>
   <div class='ocr_carea' id='block_1_1' title="bbox 897 650 938 712">
    <p class='ocr_par' dir='ltr' id='par_1_1' title="bbox 897 650 938 712">
     <span class='ocr_line' id='line_1_1' title="bbox 897 650 938 712; baseline 0.024 -1"><span class='ocrx_word' id='word_1_1' title='bbox 897 650 938 712; x_wconf 87' lang='grc'><strong>60</strong></span> 
     </span>
    </p>
   </div>
   <div class='ocr_carea' id='block_1_2' title="bbox 360 834 1484 1260">
    <p class='ocr_par' dir='ltr' id='par_1_2' title="bbox 360 834 1484 1260">
     <span class='ocr_line' id='line_1_2' title="bbox 360 834 1483 919; baseline 0.004 -23"><span class='ocrx_word' id='word_1_2' title='bbox 360 834 465 897; x_wconf 87' lang='lat' dir='ltr'><strong>lucem</strong></span> <span class='ocrx_word' id='word_1_3' title='bbox 489 834 614 918; x_wconf 85' lang='lat' dir='ltr'><strong>prodiit)</strong></span> <span class='ocrx_word' id='word_1_4' title='bbox 635 835 773 918; x_wconf 80' lang='lat' dir='ltr'><strong>aliquam</strong></span> <span class='ocrx_word' id='word_1_5' title='bbox 797 835 971 898; x_wconf 81' lang='lat' dir='ltr'>molestiam</span> <span class='ocrx_word' id='word_1_6' title='bbox 985 837 1125 918; x_wconf 80' lang='lat' dir='ltr'><strong>pariant3</strong></span> <span class='ocrx_word' id='word_1_7' title='bbox 1139 855 1224 900; x_wconf 87' lang='lat' dir='ltr'><strong>meas</strong></span> <span class='ocrx_word' id='word_1_8' title='bbox 1237 836 1483 919; x_wconf 86' lang='lat' dir='ltr'><strong>qualescunque</strong></span> 
     </span>
     <span class='ocr_line' id='line_1_3' title="bbox 362 946 1483 1032; baseline 0 -21"><span class='ocrx_word' id='word_1_9' title='bbox 362 946 657 1011; x_wconf 88' lang='lat' dir='ltr'><strong>emendatiunoulas</strong></span> <span class='ocrx_word' id='word_1_10' title='bbox 689 946 863 1031; x_wconf 79' lang='lat' dir='ltr'><strong>proferam3</strong></span> <span class='ocrx_word' id='word_1_11' title='bbox 894 947 1126 1024; x_wconf 88' lang='lat' dir='ltr'><strong>additamentis,</strong></span> <span class='ocrx_word' id='word_1_12' title='bbox 1150 967 1232 1032; x_wconf 89' lang='lat' dir='ltr'><strong>quae</strong></span> <span class='ocrx_word' id='word_1_13' title='bbox 1259 949 1337 1012; x_wconf 93' lang='lat' dir='ltr'><strong>mihi</strong></span> <span class='ocrx_word' id='word_1_14' title='bbox 1359 954 1483 1013; x_wconf 90' lang='lat' dir='ltr'><strong>restare</strong></span> 
     </span>
     <span class='ocr_line' id='line_1_4' title="bbox 361 1061 1484 1145; baseline 0.004 -23"><span class='ocrx_word' id='word_1_15' title='bbox 361 1061 512 1124; x_wconf 85' lang='lat' dir='ltr'><strong>videntur</strong></span> <span class='ocrx_word' id='word_1_16' title='bbox 533 1080 597 1124; x_wconf 92' lang='lat' dir='ltr'><strong>non</strong></span> <span class='ocrx_word' id='word_1_17' title='bbox 618 1080 743 1145; x_wconf 87' lang='lat' dir='ltr'><strong>parcam</strong></span> <span class='ocrx_word' id='word_1_18' title='bbox 755 1085 762 1136; x_wconf 87' lang='grc'><strong>;</strong></span> <span class='ocrx_word' id='word_1_19' title='bbox 775 1061 985 1145; x_wconf 85' lang='lat' dir='ltr'><strong>gaudeboque</strong></span> <span class='ocrx_word' id='word_1_20' title='bbox 997 1064 1023 1125; x_wconf 91' lang='lat' dir='ltr'><strong>si</strong></span> <span class='ocrx_word' id='word_1_21' title='bbox 1037 1063 1191 1126; x_wconf 82' lang='lat' dir='ltr'><strong>doctiores</strong></span> <span class='ocrx_word' id='word_1_22' title='bbox 1203 1081 1253 1126; x_wconf 88' lang='lat' dir='ltr'><strong>me</strong></span> <span class='ocrx_word' id='word_1_23' title='bbox 1264 1063 1395 1126; x_wconf 86' lang='lat' dir='ltr'><strong>meliora</strong></span> <span class='ocrx_word' id='word_1_24' title='bbox 1406 1062 1484 1126; x_wconf 92' lang='lat' dir='ltr'><strong>edo-</strong></span> 
     </span>
     <span class='ocr_line' id='line_1_5' title="bbox 362 1172 1482 1260; baseline 0.002 -24"><span class='ocrx_word' id='word_1_25' title='bbox 362 1172 489 1255; x_wconf 89' lang='lat' dir='ltr'><strong>cebunt,</strong></span> <span class='ocrx_word' id='word_1_26' title='bbox 510 1173 682 1238; x_wconf 89' lang='lat' dir='ltr'><strong>dummodo</strong></span> <span class='ocrx_word' id='word_1_27' title='bbox 701 1175 892 1238; x_wconf 88' lang='lat' dir='ltr'><strong>industriam</strong></span> <span class='ocrx_word' id='word_1_28' title='bbox 910 1195 1011 1239; x_wconf 92' lang='lat' dir='ltr'><strong>meam</strong></span> <span class='ocrx_word' id='word_1_29' title='bbox 1026 1175 1287 1260; x_wconf 84' lang='lat' dir='ltr'><strong>diligentiamque</strong></span> <span class='ocrx_word' id='word_1_30' title='bbox 1297 1181 1482 1260; x_wconf 85' lang='lat' dir='ltr'><strong>agnoscant.</strong></span> 
     </span>
    </p>
   </div>
   <div class='ocr_carea' id='block_1_3' title="bbox 809 1653 1038 1718">
    <p class='ocr_par' dir='ltr' id='par_1_3' title="bbox 809 1653 1038 1718">
     <span class='ocr_line' id='line_1_6' title="bbox 809 1653 1038 1718; baseline -0.004 0"><span class='ocrx_word' id='word_1_31' title='bbox 809 1653 981 1718; x_wconf 80' lang='lat' dir='ltr'>LIBER</span> <span class='ocrx_word' id='word_1_32' title='bbox 1014 1655 1038 1717; x_wconf 94' lang='grc' dir='ltr'><strong>Ι.</strong></span> 
     </span>
    </p>
   </div>
   <div class='ocr_carea' id='block_1_4' title="bbox 245 1859 1483 2634">
    <p class='ocr_par' dir='ltr' id='par_1_4' title="bbox 245 1859 1483 2634">
     <span class='ocr_line' id='line_1_7' title="bbox 408 1859 1478 1946; baseline 0.001 -20"><span class='ocrx_word' id='word_1_33' title='bbox 408 1862 439 1926; x_wconf 82' lang='lat' dir='ltr'><strong>O.</strong></span> <span class='ocrx_word' id='word_1_34' title='bbox 462 1863 487 1945; x_wconf 89' lang='lat' dir='ltr'><strong>I,</strong></span> <span class='ocrx_word' id='word_1_35' title='bbox 511 1864 529 1946; x_wconf 63' lang='grc' dir='ltr'>ξ</span> <span class='ocrx_word' id='word_1_36' title='bbox 554 1865 573 1926; x_wconf 89' lang='grc'>5</span> <span class='ocrx_word' id='word_1_37' title='bbox 597 1861 712 1934; x_wconf 81' lang='grc' dir='ltr'><em>πάντνις</em></span> <span class='ocrx_word' id='word_1_38' title='bbox 736 1859 807 1927; x_wconf 78' lang='grc' dir='ltr'><em>οὕτω</em></span> <span class='ocrx_word' id='word_1_39' title='bbox 830 1862 965 1936; x_wconf 73' lang='grc' dir='ltr'><em>διοιπιάεὶς</em></span> <span class='ocrx_word' id='word_1_40' title='bbox 987 1861 1183 1941; x_wconf 69' lang='grc' dir='ltr'><em>ἀπεπέμπετο</em></span> <span class='ocrx_word' id='word_1_41' title='bbox 1203 1861 1277 1927; x_wconf 73' lang='grc' dir='ltr'><em>ὥστε</em></span> <span class='ocrx_word' id='word_1_42' title='bbox 1295 1864 1375 1943; x_wconf 68' lang='lat' dir='ltr'><strong>adro}</strong></span> <span class='ocrx_word' id='word_1_43' title='bbox 1395 1867 1478 1940; x_wconf 85' lang='grc' dir='ltr'><strong>μάλ·</strong></span> 
     </span>
     <span class='ocr_line' id='line_1_8' title="bbox 363 1971 1481 2064; baseline 0.004 -25"><span class='ocrx_word' id='word_1_44' title='bbox 363 1989 412 2040; x_wconf 88' lang='grc' dir='ltr'><strong>λιν</strong></span> <span class='ocrx_word' id='word_1_45' title='bbox 445 1975 549 2056; x_wconf 80' lang='grc' dir='ltr'><em>φίλους</em></span> <span class='ocrx_word' id='word_1_46' title='bbox 583 1971 652 2040; x_wconf 83' lang='grc' dir='ltr'><em>εἷνιιι</em></span> <span class='ocrx_word' id='word_1_47' title='bbox 686 1975 703 2050; x_wconf 72' lang='grc' dir='ltr'>ἢ</span> <span class='ocrx_word' id='word_1_48' title='bbox 740 1977 870 2054; x_wconf 74' lang='grc' dir='ltr'><em>βασιλεῖ.</em></span> <span class='ocrx_word' id='word_1_49' title='bbox 903 1978 1072 2044; x_wconf 81' lang='lat' dir='ltr'><strong>Molestum</strong></span> <span class='ocrx_word' id='word_1_50' title='bbox 1104 1980 1182 2042; x_wconf 91' lang='lat' dir='ltr'><strong>mihi</strong></span> <span class='ocrx_word' id='word_1_51' title='bbox 1207 1985 1255 2044; x_wconf 92' lang='lat' dir='ltr'><strong>est</strong></span> <span class='ocrx_word' id='word_1_52' title='bbox 1277 1980 1481 2064; x_wconf 83' lang='lat' dir='ltr'><strong>participium</strong></span> 
     </span>
     <span class='ocr_line' id='line_1_9' title="bbox 360 2089 1482 2176; baseline 0.003 -23"><span class='ocrx_word' id='word_1_53' title='bbox 360 2091 536 2171; x_wconf 65' lang='lat' dir='ltr'><strong>praesentis</strong></span> <span class='ocrx_word' id='word_1_54' title='bbox 577 2093 727 2174; x_wconf 88' lang='lat' dir='ltr'><strong>temporis</strong></span> <span class='ocrx_word' id='word_1_55' title='bbox 762 2089 902 2173; x_wconf 65' lang='lat' dir='ltr'><strong>ilaritate,</strong></span> <span class='ocrx_word' id='word_1_56' title='bbox 937 2093 1023 2176; x_wconf 90' lang='lat' dir='ltr'><strong>quod</strong></span> <span class='ocrx_word' id='word_1_57' title='bbox 1059 2095 1206 2176; x_wconf 88' lang='lat' dir='ltr'><strong>quamvis</strong></span> <span class='ocrx_word' id='word_1_58' title='bbox 1241 2092 1335 2156; x_wconf 89' lang='lat' dir='ltr'><strong>facile</strong></span> <span class='ocrx_word' id='word_1_59' title='bbox 1369 2095 1411 2156; x_wconf 89' lang='lat' dir='ltr'><strong>sit</strong></span> <span class='ocrx_word' id='word_1_60' title='bbox 1445 2095 1482 2156; x_wconf 88' lang='lat' dir='ltr'><strong>in</strong></span> 
     </span>
     <span class='ocr_line' id='line_1_10' title="bbox 364 2203 1481 2290; baseline 0.002 -23"><span class='ocrx_word' id='word_1_61' title='bbox 364 2203 468 2275; x_wconf 74' lang='grc' dir='ltr'><em>δινέοιί</em></span> <span class='ocrx_word' id='word_1_62' title='bbox 491 2209 623 2287; x_wconf 84' lang='lat' dir='ltr'><strong>mutare,</strong></span> <span class='ocrx_word' id='word_1_63' title='bbox 647 2224 710 2267; x_wconf 92' lang='lat' dir='ltr'><strong>non</strong></span> <span class='ocrx_word' id='word_1_64' title='bbox 735 2206 835 2269; x_wconf 87' lang='lat' dir='ltr'><strong>audeo</strong></span> <span class='ocrx_word' id='word_1_65' title='bbox 859 2211 987 2289; x_wconf 87' lang='lat' dir='ltr'><strong>tangere</strong></span> <span class='ocrx_word' id='word_1_66' title='bbox 1009 2211 1136 2289; x_wconf 90' lang='lat' dir='ltr'><strong>propter</strong></span> <span class='ocrx_word' id='word_1_67' title='bbox 1159 2207 1190 2270; x_wconf 92' lang='lat' dir='ltr'><strong>id</strong></span> <span class='ocrx_word' id='word_1_68' title='bbox 1216 2207 1302 2290; x_wconf 93' lang='lat' dir='ltr'><strong>quod</strong></span> <span class='ocrx_word' id='word_1_69' title='bbox 1324 2225 1349 2269; x_wconf 86' lang='lat' dir='ltr'><strong>e.</strong></span> <span class='ocrx_word' id='word_1_70' title='bbox 1376 2207 1393 2267; x_wconf 79' lang='lat'><strong>7</strong></span> <span class='ocrx_word' id='word_1_71' title='bbox 1417 2206 1481 2287; x_wconf 74' lang='lat'><strong>§8</strong></span> 
     </span>
     <span class='ocr_line' id='line_1_11' title="bbox 364 2315 1483 2403; baseline 0.002 -23"><span class='ocrx_word' id='word_1_72' title='bbox 364 2318 498 2403; x_wconf 86' lang='lat' dir='ltr'><strong>legitur:</strong></span> <span class='ocrx_word' id='word_1_73' title='bbox 531 2316 543 2380; x_wconf 80' lang='grc' dir='ltr'><em>ὃ</em></span> <span class='ocrx_word' id='word_1_74' title='bbox 576 2318 601 2381; x_wconf 78' lang='grc' dir='ltr'><strong>δ’</strong></span> <span class='ocrx_word' id='word_1_75' title='bbox 634 2317 814 2394; x_wconf 80' lang='grc' dir='ltr'><em>ε’μπιμπλάς</em></span> <span class='ocrx_word' id='word_1_76' title='bbox 841 2315 1054 2390; x_wconf 62' lang='lat' dir='ltr'><strong>drodmannia</strong></span> <span class='ocrx_word' id='word_1_77' title='bbox 1078 2317 1198 2395; x_wconf 78' lang='grc' dir='ltr'><em>μνάμνν</em></span> <span class='ocrx_word' id='word_1_78' title='bbox 1221 2317 1392 2395; x_wconf 87' lang='grc' dir='ltr'><em>ἀπέπεμπε.</em></span> <span class='ocrx_word' id='word_1_79' title='bbox 1419 2317 1483 2382; x_wconf 79' lang='lat' dir='ltr'><strong>Sed</strong></span> 
     </span>
     <span class='ocr_line' id='line_1_12' title="bbox 365 2432 1483 2517; baseline 0.001 -22"><span class='ocrx_word' id='word_1_80' title='bbox 365 2433 425 2496; x_wconf 90' lang='lat' dir='ltr'><strong>hoc</strong></span> <span class='ocrx_word' id='word_1_81' title='bbox 448 2451 489 2496; x_wconf 80' lang='lat' dir='ltr'><strong>ex</strong></span> <span class='ocrx_word' id='word_1_82' title='bbox 512 2435 581 2496; x_wconf 91' lang='lat' dir='ltr'><strong>eius</strong></span> <span class='ocrx_word' id='word_1_83' title='bbox 604 2433 666 2495; x_wconf 90' lang='lat' dir='ltr'><strong>loci</strong></span> <span class='ocrx_word' id='word_1_84' title='bbox 689 2434 922 2516; x_wconf 88' lang='lat' dir='ltr'><strong>comparatione</strong></span> <span class='ocrx_word' id='word_1_85' title='bbox 947 2452 997 2496; x_wconf 90' lang='lat' dir='ltr'><strong>me</strong></span> <span class='ocrx_word' id='word_1_86' title='bbox 1018 2432 1142 2496; x_wconf 88' lang='lat' dir='ltr'><strong>efficere</strong></span> <span class='ocrx_word' id='word_1_87' title='bbox 1161 2452 1254 2517; x_wconf 88' lang='lat' dir='ltr'><strong>posse</strong></span> <span class='ocrx_word' id='word_1_88' title='bbox 1273 2433 1376 2513; x_wconf 86' lang='lat' dir='ltr'><strong>credo,</strong></span> <span class='ocrx_word' id='word_1_89' title='bbox 1394 2438 1483 2497; x_wconf 90' lang='lat' dir='ltr'><strong>utro-</strong></span> 
     </span>
     <span class='ocr_line' id='line_1_13' title="bbox 245 2543 1480 2634; baseline 0 -25"><span class='ocrx_word' id='word_1_90' title='bbox 245 2629 246 2634; x_wconf 11' lang='lat'><em>*</em></span> <span class='ocrx_word' id='word_1_91' title='bbox 365 2546 463 2630; x_wconf 90' lang='lat' dir='ltr'><strong>bique</strong></span> <span class='ocrx_word' id='word_1_92' title='bbox 496 2547 666 2630; x_wconf 90' lang='lat' dir='ltr'><strong>legendum</strong></span> <span class='ocrx_word' id='word_1_93' title='bbox 702 2565 771 2610; x_wconf 87' lang='lat' dir='ltr'><strong>esse</strong></span> <span class='ocrx_word' id='word_1_94' title='bbox 806 2543 978 2622; x_wconf 86' lang='grc' dir='ltr'><em>ἀπέπεμπε.</em></span> <span class='ocrx_word' id='word_1_95' title='bbox 1014 2547 1146 2630; x_wconf 87' lang='lat' dir='ltr'><strong>Alioqui</strong></span> <span class='ocrx_word' id='word_1_96' title='bbox 1181 2548 1266 2611; x_wconf 90' lang='lat' dir='ltr'><strong>enim</strong></span> <span class='ocrx_word' id='word_1_97' title='bbox 1300 2547 1480 2631; x_wconf 89' lang='lat' dir='ltr'><strong>putandum</strong></span> 
     </span>
    </p>
   </div>
   <div class='ocr_carea' id='block_1_5' title="bbox 365 2657 1485 4449">
    <p class='ocr_par' dir='ltr' id='par_1_5' title="bbox 365 2657 1483 2858">
     <span class='ocr_line' id='line_1_14' title="bbox 367 2657 1483 2744; baseline -0.003 -20"><span class='ocrx_word' id='word_1_98' title='bbox 367 2666 450 2724; x_wconf 89' lang='lat' dir='ltr'><strong>esset</strong></span> <span class='ocrx_word' id='word_1_99' title='bbox 484 2698 524 2706; x_wconf 93' lang='grc'><strong>-</strong></span> <span class='ocrx_word' id='word_1_100' title='bbox 552 2661 584 2723; x_wconf 91' lang='lat' dir='ltr'><strong>id</strong></span> <span class='ocrx_word' id='word_1_101' title='bbox 609 2659 694 2743; x_wconf 91' lang='lat' dir='ltr'><strong>quod</strong></span> <span class='ocrx_word' id='word_1_102' title='bbox 717 2660 794 2723; x_wconf 92' lang='lat' dir='ltr'><strong>mihi</strong></span> <span class='ocrx_word' id='word_1_103' title='bbox 818 2679 882 2723; x_wconf 92' lang='lat' dir='ltr'><strong>non</strong></span> <span class='ocrx_word' id='word_1_104' title='bbox 905 2659 997 2724; x_wconf 87' lang='lat' dir='ltr'><strong>facile</strong></span> <span class='ocrx_word' id='word_1_105' title='bbox 1020 2661 1195 2744; x_wconf 84' lang='lat' dir='ltr'><strong>persuadeo</strong></span> <span class='ocrx_word' id='word_1_106' title='bbox 1219 2699 1270 2742; x_wconf 90' lang='lat'><strong>-‚</strong></span> <span class='ocrx_word' id='word_1_107' title='bbox 1292 2657 1483 2735; x_wconf 77' lang='grc' dir='ltr'><em>ἀποπέμπειν</em></span> 
     </span>
     <span class='ocr_line' id='line_1_15' title="bbox 365 2772 1127 2858; baseline -0.005 -18"><span class='ocrx_word' id='word_1_108' title='bbox 365 2781 397 2840; x_wconf 90' lang='lat' dir='ltr'><strong>et</strong></span> <span class='ocrx_word' id='word_1_109' title='bbox 419 2772 649 2851; x_wconf 72' lang='grc' dir='ltr'><em>ἀποπέμπεσθαι</em></span> <span class='ocrx_word' id='word_1_110' title='bbox 673 2794 803 2857; x_wconf 89' lang='lat' dir='ltr'><strong>prorsus</strong></span> <span class='ocrx_word' id='word_1_111' title='bbox 827 2774 910 2838; x_wconf 91' lang='lat' dir='ltr'><strong>idem</strong></span> <span class='ocrx_word' id='word_1_112' title='bbox 940 2775 1127 2858; x_wconf 85' lang='lat' dir='ltr'><strong>significare.</strong></span> 
     </span>
    </p>

    <p class='ocr_par' dir='ltr' id='par_1_6' title="bbox 367 2885 1484 3407">
     <span class='ocr_line' id='line_1_16' title="bbox 409 2885 1484 2966; baseline -0.006 -13"><span class='ocrx_word' id='word_1_113' title='bbox 409 2890 488 2953; x_wconf 88' lang='lat' dir='ltr'><strong>Inde</strong></span> <span class='ocrx_word' id='word_1_114' title='bbox 521 2910 539 2954; x_wconf 87' lang='lat' dir='ltr'><strong>a</strong></span> <span class='ocrx_word' id='word_1_115' title='bbox 574 2888 679 2953; x_wconf 88' lang='lat' dir='ltr'><strong>verbis</strong></span> <span class='ocrx_word' id='word_1_116' title='bbox 713 2886 890 2966; x_wconf 71' lang='grc' dir='ltr'><em>Σοφαίνετον</em></span> <span class='ocrx_word' id='word_1_117' title='bbox 921 2887 952 2950; x_wconf 78' lang='grc' dir='ltr'><strong>δὲ</strong></span> <span class='ocrx_word' id='word_1_118' title='bbox 980 2888 1027 2951; x_wconf 82' lang='grc' dir='ltr'><strong>τὸν</strong></span> <span class='ocrx_word' id='word_1_119' title='bbox 1060 2885 1256 2966; x_wconf 83' lang='grc' dir='ltr'><em>ΣπιιμΦάλιον</em></span> <span class='ocrx_word' id='word_1_120' title='bbox 1283 2887 1320 2965; x_wconf 85' lang='lat' dir='ltr'><strong>(c.</strong></span> <span class='ocrx_word' id='word_1_121' title='bbox 1343 2885 1359 2948; x_wconf 99' lang='grc' dir='ltr'>Ι</span> <span class='ocrx_word' id='word_1_122' title='bbox 1384 2886 1403 2966; x_wconf 59' lang='grc' dir='ltr'>ὅ</span> <span class='ocrx_word' id='word_1_123' title='bbox 1429 2887 1484 2966; x_wconf 77' lang='lat' dir='ltr'><strong>ll)</strong></span> 
     </span>
     <span class='ocr_line' id='line_1_17' title="bbox 368 3001 1482 3086; baseline -0.004 -19"><span class='ocrx_word' id='word_1_124' title='bbox 368 3023 470 3086; x_wconf 92' lang='lat' dir='ltr'><strong>usque</strong></span> <span class='ocrx_word' id='word_1_125' title='bbox 505 3003 544 3067; x_wconf 89' lang='lat' dir='ltr'><strong>ad</strong></span> <span class='ocrx_word' id='word_1_126' title='bbox 578 3023 603 3066; x_wconf 88' lang='lat' dir='ltr'><strong>e.</strong></span> <span class='ocrx_word' id='word_1_127' title='bbox 634 3001 667 3065; x_wconf 91' lang='lat' dir='ltr'><strong>Il</strong></span> <span class='ocrx_word' id='word_1_128' title='bbox 699 3002 717 3084; x_wconf 62' lang='grc' dir='ltr'>ᾗ</span> <span class='ocrx_word' id='word_1_129' title='bbox 750 3003 769 3065; x_wconf 90' lang='grc'><strong>3</strong></span> <span class='ocrx_word' id='word_1_130' title='bbox 800 3001 853 3065; x_wconf 89' lang='lat' dir='ltr'><strong>fin.</strong></span> <span class='ocrx_word' id='word_1_131' title='bbox 885 3003 1046 3084; x_wconf 83' lang='lat' dir='ltr'><strong>copiarum</strong></span> <span class='ocrx_word' id='word_1_132' title='bbox 1078 3002 1260 3084; x_wconf 88' lang='lat' dir='ltr'><strong>ducumque</strong></span> <span class='ocrx_word' id='word_1_133' title='bbox 1284 3001 1482 3064; x_wconf 86' lang='lat' dir='ltr'><strong>enumeratio</strong></span> 
     </span>
     <span class='ocr_line' id='line_1_18' title="bbox 367 3116 1482 3201; baseline -0.001 -22"><span class='ocrx_word' id='word_1_134' title='bbox 367 3119 446 3181; x_wconf 82' lang='lat' dir='ltr'><strong>viris</strong></span> <span class='ocrx_word' id='word_1_135' title='bbox 481 3117 582 3181; x_wconf 87' lang='lat' dir='ltr'><strong>doctis</strong></span> <span class='ocrx_word' id='word_1_136' title='bbox 617 3117 724 3201; x_wconf 90' lang='lat' dir='ltr'><strong>plures</strong></span> <span class='ocrx_word' id='word_1_137' title='bbox 756 3116 957 3179; x_wconf 87' lang='lat' dir='ltr'><strong>difficultates</strong></span> <span class='ocrx_word' id='word_1_138' title='bbox 989 3116 1118 3200; x_wconf 80' lang='lat' dir='ltr'><strong>peperit,</strong></span> <span class='ocrx_word' id='word_1_139' title='bbox 1152 3135 1231 3198; x_wconf 89' lang='lat' dir='ltr'><strong>quas</strong></span> <span class='ocrx_word' id='word_1_140' title='bbox 1262 3133 1320 3178; x_wconf 90' lang='lat' dir='ltr'><strong>sno</strong></span> <span class='ocrx_word' id='word_1_141' title='bbox 1345 3116 1482 3198; x_wconf 91' lang='lat' dir='ltr'><strong>quisque</strong></span> 
     </span>
     <span class='ocr_line' id='line_1_19' title="bbox 368 3229 1483 3312; baseline -0.002 -20"><span class='ocrx_word' id='word_1_142' title='bbox 368 3230 461 3293; x_wconf 91' lang='lat' dir='ltr'><strong>modo</strong></span> <span class='ocrx_word' id='word_1_143' title='bbox 495 3229 604 3293; x_wconf 90' lang='lat' dir='ltr'><strong>tollere</strong></span> <span class='ocrx_word' id='word_1_144' title='bbox 639 3235 714 3294; x_wconf 90' lang='lat' dir='ltr'><strong>sunt</strong></span> <span class='ocrx_word' id='word_1_145' title='bbox 746 3231 865 3293; x_wconf 88' lang='lat' dir='ltr'><strong>conati:</strong></span> <span class='ocrx_word' id='word_1_146' title='bbox 903 3250 967 3312; x_wconf 89' lang='lat' dir='ltr'><strong>qua</strong></span> <span class='ocrx_word' id='word_1_147' title='bbox 997 3230 1036 3292; x_wconf 92' lang='lat' dir='ltr'><strong>de</strong></span> <span class='ocrx_word' id='word_1_148' title='bbox 1059 3248 1093 3292; x_wconf 90' lang='lat' dir='ltr'><strong>re</strong></span> <span class='ocrx_word' id='word_1_149' title='bbox 1116 3229 1194 3312; x_wconf 90' lang='lat' dir='ltr'><strong>quid</strong></span> <span class='ocrx_word' id='word_1_150' title='bbox 1218 3247 1362 3292; x_wconf 87' lang='lat' dir='ltr'><strong>censeam</strong></span> <span class='ocrx_word' id='word_1_151' title='bbox 1386 3247 1483 3311; x_wconf 88' lang='lat' dir='ltr'><strong>quam</strong></span> 
     </span>
     <span class='ocr_line' id='line_1_20' title="bbox 368 3343 738 3407; baseline -0.005 0"><span class='ocrx_word' id='word_1_152' title='bbox 368 3345 603 3407; x_wconf 88' lang='lat' dir='ltr'><strong>accuratissime</strong></span> <span class='ocrx_word' id='word_1_153' title='bbox 628 3343 738 3406; x_wconf 89' lang='lat' dir='ltr'><strong>dicam.</strong></span> 
     </span>
    </p>

    <p class='ocr_par' dir='ltr' id='par_1_7' title="bbox 368 3451 1485 3997">
     <span class='ocr_line' id='line_1_21' title="bbox 412 3451 1485 3536; baseline -0.004 -17"><span class='ocrx_word' id='word_1_154' title='bbox 412 3457 480 3520; x_wconf 90' lang='lat' dir='ltr'><strong>Iam</strong></span> <span class='ocrx_word' id='word_1_155' title='bbox 515 3477 539 3520; x_wconf 89' lang='lat' dir='ltr'><strong>c.</strong></span> <span class='ocrx_word' id='word_1_156' title='bbox 571 3456 596 3536; x_wconf 77' lang='grc' dir='ltr'><strong>Ι,</strong></span> <span class='ocrx_word' id='word_1_157' title='bbox 630 3459 667 3519; x_wconf 91' lang='grc'><strong>11</strong></span> <span class='ocrx_word' id='word_1_158' title='bbox 703 3455 872 3520; x_wconf 83' lang='lat' dir='ltr'><strong>Schenklio</strong></span> <span class='ocrx_word' id='word_1_159' title='bbox 907 3455 1000 3519; x_wconf 89' lang='lat' dir='ltr'><strong>verba</strong></span> <span class='ocrx_word' id='word_1_160' title='bbox 1031 3456 1068 3525; x_wconf 77' lang='grc' dir='ltr'><strong>ὥς</strong></span> <span class='ocrx_word' id='word_1_161' title='bbox 1091 3454 1265 3530; x_wconf 75' lang='grc' dir='ltr'><em>πολεμήσων</em></span> <span class='ocrx_word' id='word_1_162' title='bbox 1288 3451 1485 3532; x_wconf 68' lang='grc' dir='ltr'><em>Τισσαφέρνει</em></span> 
     </span>
     <span class='ocr_line' id='line_1_22' title="bbox 368 3567 1485 3656; baseline -0.003 -23"><span class='ocrx_word' id='word_1_163' title='bbox 368 3577 495 3656; x_wconf 89' lang='lat' dir='ltr'><strong>propter</strong></span> <span class='ocrx_word' id='word_1_164' title='bbox 529 3571 673 3633; x_wconf 88' lang='lat' dir='ltr'><strong>codicum</strong></span> <span class='ocrx_word' id='word_1_165' title='bbox 711 3570 952 3653; x_wconf 85' lang='lat' dir='ltr'><strong>discrepantiam</strong></span> <span class='ocrx_word' id='word_1_166' title='bbox 985 3588 1003 3633; x_wconf 94' lang='lat' dir='ltr'><strong>e</strong></span> <span class='ocrx_word' id='word_1_167' title='bbox 1034 3573 1181 3652; x_wconf 86' lang='lat' dir='ltr'><strong>corrupto</strong></span> <span class='ocrx_word' id='word_1_168' title='bbox 1213 3567 1332 3631; x_wconf 91' lang='lat' dir='ltr'><strong>scholio</strong></span> <span class='ocrx_word' id='word_1_169' title='bbox 1356 3573 1430 3630; x_wconf 90' lang='lat' dir='ltr'><strong>nata</strong></span> <span class='ocrx_word' id='word_1_170' title='bbox 1454 3572 1485 3630; x_wconf 92' lang='lat' dir='ltr'><strong>et</strong></span> 
     </span>
     <span class='ocr_line' id='line_1_23' title="bbox 370 3681 1484 3764; baseline -0.007 -15"><span class='ocrx_word' id='word_1_171' title='bbox 370 3685 502 3749; x_wconf 90' lang='lat' dir='ltr'><strong>delenda</strong></span> <span class='ocrx_word' id='word_1_172' title='bbox 528 3684 694 3748; x_wconf 83' lang='lat' dir='ltr'><strong>ridentur:</strong></span> <span class='ocrx_word' id='word_1_173' title='bbox 724 3683 807 3746; x_wconf 92' lang='lat' dir='ltr'><strong>idem</strong></span> <span class='ocrx_word' id='word_1_174' title='bbox 832 3684 931 3746; x_wconf 88' lang='lat' dir='ltr'><strong>credit</strong></span> <span class='ocrx_word' id='word_1_175' title='bbox 955 3702 991 3746; x_wconf 89' lang='lat' dir='ltr'><strong>ea</strong></span> <span class='ocrx_word' id='word_1_176' title='bbox 1014 3681 1111 3746; x_wconf 88' lang='lat' dir='ltr'><strong>verba</strong></span> <span class='ocrx_word' id='word_1_177' title='bbox 1134 3701 1207 3744; x_wconf 90' lang='lat' dir='ltr'><strong>cum</strong></span> <span class='ocrx_word' id='word_1_178' title='bbox 1232 3681 1355 3764; x_wconf 89' lang='lat' dir='ltr'><strong>reliqua</strong></span> <span class='ocrx_word' id='word_1_179' title='bbox 1378 3699 1484 3743; x_wconf 88' lang='lat' dir='ltr'><strong>narra-</strong></span> 
     </span>
     <span class='ocr_line' id='line_1_24' title="bbox 368 3792 1484 3880; baseline -0.009 -17"><span class='ocrx_word' id='word_1_180' title='bbox 368 3801 455 3863; x_wconf 86' lang='lat' dir='ltr'><strong>tione</strong></span> <span class='ocrx_word' id='word_1_181' title='bbox 478 3805 597 3861; x_wconf 90' lang='lat' dir='ltr'><strong>certere</strong></span> <span class='ocrx_word' id='word_1_182' title='bbox 622 3797 706 3876; x_wconf 91' lang='lat' dir='ltr'><strong>(vide</strong></span> <span class='ocrx_word' id='word_1_183' title='bbox 730 3797 836 3880; x_wconf 90' lang='lat' dir='ltr'><strong>ipsum</strong></span> <span class='ocrx_word' id='word_1_184' title='bbox 860 3795 1062 3878; x_wconf 88' lang='lat' dir='ltr'><strong>Xenophont.</strong></span> <span class='ocrx_word' id='word_1_185' title='bbox 1083 3793 1171 3858; x_wconf 84' lang='lat' dir='ltr'><strong>Stud.</strong></span> <span class='ocrx_word' id='word_1_186' title='bbox 1184 3793 1209 3873; x_wconf 85' lang='lat'><strong>1,</strong></span> <span class='ocrx_word' id='word_1_187' title='bbox 1222 3793 1305 3872; x_wconf 82' lang='lat'><strong>600).</strong></span> <span class='ocrx_word' id='word_1_188' title='bbox 1324 3792 1484 3874; x_wconf 84' lang='lat' dir='ltr'><strong>Equidem</strong></span> 
     </span>
     <span class='ocr_line' id='line_1_25' title="bbox 369 3902 1482 3997; baseline -0.007 -23"><span class='ocrx_word' id='word_1_189' title='bbox 369 3931 499 3997; x_wconf 89' lang='lat' dir='ltr'><strong>prorsus</strong></span> <span class='ocrx_word' id='word_1_190' title='bbox 530 3913 685 3975; x_wconf 88' lang='lat' dir='ltr'><strong>assentior</strong></span> <span class='ocrx_word' id='word_1_191' title='bbox 715 3909 891 3974; x_wconf 90' lang='lat' dir='ltr'><strong>absurdum</strong></span> <span class='ocrx_word' id='word_1_192' title='bbox 922 3928 991 3973; x_wconf 92' lang='lat' dir='ltr'><strong>esse</strong></span> <span class='ocrx_word' id='word_1_193' title='bbox 1020 3909 1057 3978; x_wconf 81' lang='grc' dir='ltr'><strong>ὡς</strong></span> <span class='ocrx_word' id='word_1_194' title='bbox 1081 3905 1255 3982; x_wconf 73' lang='grc' dir='ltr'><em>πολεμήσων</em></span> <span class='ocrx_word' id='word_1_195' title='bbox 1278 3902 1482 3983; x_wconf 73' lang='grc' dir='ltr'><em>Τισσαφέρνει.</em></span> 
     </span>
    </p>

    <p class='ocr_par' dir='ltr' id='par_1_8' title="bbox 370 4018 1485 4449">
     <span class='ocr_line' id='line_1_26' title="bbox 415 4018 1484 4107; baseline -0.008 -20"><span class='ocrx_word' id='word_1_196' title='bbox 415 4024 446 4088; x_wconf 83' lang='grc'><strong>0.</strong></span> <span class='ocrx_word' id='word_1_197' title='bbox 470 4023 503 4087; x_wconf 92' lang='lat' dir='ltr'><strong>Il</strong></span> <span class='ocrx_word' id='word_1_198' title='bbox 527 4024 545 4106; x_wconf 61' lang='grc' dir='ltr'>ᾗ</span> <span class='ocrx_word' id='word_1_199' title='bbox 571 4026 589 4087; x_wconf 90' lang='grc'>3</span> <span class='ocrx_word' id='word_1_200' title='bbox 621 4023 809 4107; x_wconf 83' lang='lat' dir='ltr'><strong>Sophaeneti</strong></span> <span class='ocrx_word' id='word_1_201' title='bbox 833 4021 1022 4105; x_wconf 83' lang='lat' dir='ltr'><strong>Stymphalii</strong></span> <span class='ocrx_word' id='word_1_202' title='bbox 1046 4022 1163 4083; x_wconf 91' lang='lat' dir='ltr'><strong>mentio</strong></span> <span class='ocrx_word' id='word_1_203' title='bbox 1187 4019 1276 4082; x_wconf 89' lang='lat' dir='ltr'><strong>nullo</strong></span> <span class='ocrx_word' id='word_1_204' title='bbox 1297 4018 1389 4080; x_wconf 90' lang='lat' dir='ltr'><strong>modo</strong></span> <span class='ocrx_word' id='word_1_205' title='bbox 1410 4035 1484 4079; x_wconf 89' lang='lat' dir='ltr'><strong>eon·</strong></span> 
     </span>
     <span class='ocr_line' id='line_1_27' title="bbox 370 4130 1485 4221; baseline -0.009 -19"><span class='ocrx_word' id='word_1_206' title='bbox 370 4139 471 4202; x_wconf 86' lang='lat' dir='ltr'><strong>ciliari</strong></span> <span class='ocrx_word' id='word_1_207' title='bbox 505 4144 607 4221; x_wconf 91' lang='lat' dir='ltr'><strong>potest</strong></span> <span class='ocrx_word' id='word_1_208' title='bbox 641 4157 713 4201; x_wconf 86' lang='lat' dir='ltr'><strong>eum</strong></span> <span class='ocrx_word' id='word_1_209' title='bbox 750 4139 769 4219; x_wconf 55' lang='grc' dir='ltr'><em>ᾖ</em></span> <span class='ocrx_word' id='word_1_210' title='bbox 805 4138 823 4200; x_wconf 87' lang='grc'><strong>9</strong></span> <span class='ocrx_word' id='word_1_211' title='bbox 855 4135 997 4199; x_wconf 90' lang='lat' dir='ltr'><strong>eiusdem</strong></span> <span class='ocrx_word' id='word_1_212' title='bbox 1029 4135 1149 4216; x_wconf 81' lang='lat' dir='ltr'><strong>capitis,</strong></span> <span class='ocrx_word' id='word_1_213' title='bbox 1174 4132 1229 4197; x_wconf 93' lang='lat' dir='ltr'><strong>ubi</strong></span> <span class='ocrx_word' id='word_1_214' title='bbox 1260 4132 1344 4194; x_wconf 90' lang='lat' dir='ltr'><strong>idem</strong></span> <span class='ocrx_word' id='word_1_215' title='bbox 1369 4130 1485 4194; x_wconf 90' lang='lat' dir='ltr'><strong>dicitur</strong></span> 
     </span>
     <span class='ocr_line' id='line_1_28' title="bbox 371 4223 1485 4330; baseline -0.008 -17"><span class='ocrx_word' id='word_1_216' title='bbox 371 4249 521 4314; x_wconf 82' lang='lat' dir='ltr'><strong>Celaenas</strong></span> <span class='ocrx_word' id='word_1_217' title='bbox 544 4250 670 4314; x_wconf 89' lang='lat' dir='ltr'><strong>demum</strong></span> <span class='ocrx_word' id='word_1_218' title='bbox 695 4250 735 4313; x_wconf 91' lang='lat' dir='ltr'><strong>ad</strong></span> <span class='ocrx_word' id='word_1_219' title='bbox 759 4237 879 4330; x_wconf 78' lang='lat' dir='ltr'><strong>Cyrum</strong></span> <span class='ocrx_word' id='word_1_220' title='bbox 900 4249 1042 4312; x_wconf 85' lang='lat' dir='ltr'><strong>venisse:</strong></span> <span class='ocrx_word' id='word_1_221' title='bbox 1067 4246 1151 4329; x_wconf 92' lang='lat' dir='ltr'><strong>quod</strong></span> <span class='ocrx_word' id='word_1_222' title='bbox 1172 4251 1277 4308; x_wconf 87' lang='lat' dir='ltr'><strong>antem</strong></span> <span class='ocrx_word' id='word_1_223' title='bbox 1298 4223 1485 4306; x_wconf 77' lang='lat' dir='ltr'><strong>Dindorfius</strong></span> 
     </span>
     <span class='ocr_line' id='line_1_29' title="bbox 371 4352 1485 4449; baseline -0.01 -23"><span class='ocrx_word' id='word_1_224' title='bbox 371 4365 474 4449; x_wconf 89' lang='lat' dir='ltr'><strong>priore</strong></span> <span class='ocrx_word' id='word_1_225' title='bbox 503 4363 572 4427; x_wconf 84' lang='lat' dir='ltr'><strong>loco</strong></span> <span class='ocrx_word' id='word_1_226' title='bbox 604 4361 780 4442; x_wconf 73' lang='grc' dir='ltr'><em>Σοφιιένεσος</em></span> <span class='ocrx_word' id='word_1_227' title='bbox 811 4361 842 4426; x_wconf 76' lang='grc' dir='ltr'><strong>δὲ</strong></span> <span class='ocrx_word' id='word_1_228' title='bbox 864 4360 877 4424; x_wconf 82' lang='grc' dir='ltr'><em>ὁ</em></span> <span class='ocrx_word' id='word_1_229' title='bbox 902 4356 1100 4439; x_wconf 73' lang='grc' dir='ltr'><em>Σπνμφάλιος</em></span> <span class='ocrx_word' id='word_1_230' title='bbox 1125 4357 1249 4429; x_wconf 76' lang='grc' dir='ltr'><em>ὁπλίσιος</em></span> <span class='ocrx_word' id='word_1_231' title='bbox 1272 4354 1350 4445; x_wconf 75' lang='grc' dir='ltr'><em>ἔχων</em></span> <span class='ocrx_word' id='word_1_232' title='bbox 1372 4352 1485 4443; x_wconf 73' lang='grc' dir='ltr'><em>χιλίους</em></span> 
     </span>
    </p>
   </div>
   <div class='ocr_carea' id='block_1_6' title="bbox 0 0 1695 5268">
    <p class='ocr_par' dir='ltr' id='par_1_9' title="bbox 0 0 1695 5268">
     <span class='ocr_line' id='line_1_30' title="bbox 0 0 1695 5268; baseline 0 0"><span class='ocrx_word' id='word_1_233' title='bbox 0 0 1695 5268; x_wconf 95' lang='lat' dir='ltr'><strong> </strong></span> 
     </span>
    </p>
   </div>
  </div>
 </body>
</html>
