3354 5268
893 599 938 668 50.

353 791 426 857 oula
458 792 545 856 nasei
577 809 686 875 posse:
717 790 815 873 idque
845 792 1013 873 postquam
1039 788 1101 852 iam
1126 787 1248 871 aliquot
1271 788 1468 871 argumentis

355 905 510 990 probavit,
541 925 661 968 novum
692 905 737 968 ita
760 904 867 967 adiicit
888 901 932 982 (L.
958 900 1030 984 VII,
1056 901 1084 983 7,
1108 902 1181 984 31):
1207 899 1288 963 ἀλλὰ
1312 899 1371 976 μὴν
1394 900 1473 964 οὐδὲν

354 1016 456 1091 πλήθει
491 1041 528 1094 γε
561 1017 642 1094 ἡμῶν
677 1014 842 1096 λειφθέντες
874 1009 996 1088 ὑπεῖξιιν
1027 1035 1069 1077 σοι
1101 1011 1144 1098 (οἱ
1166 1011 1262 1092 ἐχθροί
1282 1012 1365 1097 σου),
1390 1011 1474 1075 ἀλλὰ

354 1133 522 1210 προστατῶν
545 1129 661 1212 ἀπορίᾳ·
688 1130 786 1193 οὐκοῦν
810 1133 859 1191 νῦν
883 1125 934 1191 nai
957 1132 1041 1191 τοῦτο
1060 1125 1185 1197 κίνδυνος
1204 1123 1248 1203 μὴ
1268 1123 1384 1202 λάβωσι
1404 1148 1472 1205 προ-

355 1240 471 1314 avarae
505 1242 599 1307 αὐτῶν
634 1265 715 1312 τινιις
750 1240 811 1305 xri.
843 1241 923 1304 Tum
955 1242 1067 1324 paucis
1089 1240 1280 1304 intermissis
1303 1241 1347 1304 ita
1370 1241 1475 1324 pergit

356 1357 386 1438 u
411 1357 481 1437 32t=

399 1469 474 1533 XII.
508 1465 550 1532 ὅτι
584 1493 621 1547 γε
655 1467 714 1546 μὴν
747 1467 770 1531 oi
800 1472 849 1531 νῦν
880 1466 935 1532 ὑπὸ
966 1464 1011 1530 roi
1035 1471 1146 1548 Θιᾷιιες
1170 1463 1316 1545 γενόμενοι
1339 1465 1414 1530 πολὺ
1436 1463 1474 1528 ἂν

354 1579 558 1663 προθυμότερον
582 1579 645 1644 ἴοιεν
667 1579 717 1644 ἐπὶ
742 1580 775 1643 σὲ
798 1577 814 1652 ἢ
838 1579 891 1644 σὺν
914 1585 957 1644 σοι
979 1580 1030 1644 οὐκ
1053 1577 1170 1652 ιἰδνλιν.

401 1695 493 1758 ΧΠΙ.
528 1696 693 1760 Postremo
728 1695 877 1758 ultimum
910 1692 1135 1778 argumentum
1165 1695 1210 1757 ita
1233 1694 1322 1758 affert
1346 1694 1377 1775 (ξ
1401 1694 1472 1773 eu:

355 1807 437 1872 aare
462 1807 521 1884 μὴν
546 1806 702 1872 drauum
725 1805 849 1870 πιστεύω
872 1805 923 1870 nai
946 1807 994 1870 rba
1018 1803 1119 1887 χρόνον
1142 1802 1266 1880 διδάξειν
1289 1829 1331 1869 σε.

401 1921 491 1984 XIV.
523 1921 559 1984 [n
584 1921 702 2003 eadem,
725 1922 763 1986 de
788 1942 851 2005 qua
871 1922 935 1984 iam
958 1941 1054 2005 supra
1079 1920 1227 2003 vidimus
1249 1919 1474 2003 Xenophontis

359 2034 400 2098 ad
428 2034 669 2118 Tissaphernem
702 2036 851 2116 oratione,
875 2033 931 2097 ubi
954 2053 991 2098 eo
1015 2039 1203 2117 perventum
1227 2039 1283 2115 est,
1306 2039 1343 2097 ut
1366 2032 1476 2097 Xeno·

357 2149 443 2233 phon
476 2148 680 2232 Tissapherni
714 2147 917 2229 demonstret,
948 2146 1142 2211 Graecorum
1173 2148 1344 2210 amioItiam
1372 2145 1476 2210 ussa-

356 2263 471 2346 pherni
507 2262 640 2324 maximi
674 2280 744 2324 esse
777 2262 879 2345 pretii,
914 2259 1023 2341 Mysos
1057 2262 1206 2344 primum,
1238 2260 1310 2324 dein
1342 2260 1475 2337 Pisidas,

356 2381 515 2459 postremo
539 2375 715 2459 Aegyptios
735 2393 844 2438 eorum
866 2375 987 2439 auxilio
1008 2374 1124 2438 subiici
1143 2393 1236 2458 posse
1256 2374 1356 2456 docet,
1376 2374 1476 2437 addit-

358 2508 421 2573 que
452 2488 495 2568 (L.
526 2489 567 2571 Π,
599 2492 627 2571 5,
660 2490 729 2570 14);
765 2487 876 2569 „aaut
905 2487 964 2565 μὴν
995 2493 1026 2553 et
1056 2490 1154 2552 vicini
1177 2488 1234 2553 tibi
1259 2489 1368 2573 populi
1392 2489 1475 2552 dioto

358 2604 525 2668 audientes
548 2607 650 2686 erunt,
674 2605 701 2668 si
726 2603 862 2668 Graecos
884 2603 1014 2668 habebis
1038 2603 1170 2668 socios.'’

402 2716 474 2780 XV.
509 2717 593 2781 Fieri
627 2736 691 2780 non
724 2736 827 2801 posse,
863 2721 900 2780 ut
934 2718 1051 2781 milites
1081 2718 1206 2781 nescios
1236 2716 1275 2780 ad
1307 2717 1475 2781 Phasidem

357 2831 495 2913 redueat,
527 2850 563 2895 eo
592 2830 781 2915 probaverat
810 2829 1000 2914 Xenophon,
1033 2829 1119 2914 quod
1148 2850 1214 2894 non
1237 2834 1344 2894 essent
1366 2832 1476 2915 ignari,

358 2965 421 3028 qua
456 2945 536 3008 ooeli
570 2949 659 3029 parte
694 2945 741 3009 sol
773 2945 901 3025 oriatur,
926 2963 989 3026 qua
1022 2943 1151 3008 oooidat.
1176 2944 1251 3007 Alia
1273 2962 1402 3027 quoque
1425 2962 1477 3006 res

358 3052 477 3123 obstat:
510 3057 561 3141 (V,
587 3060 615 3140 7,
640 3060 670 3140 7)
703 3056 785 3120 aaut
808 3056 868 3133 uita
893 3057 942 3120 ιιιιὶ
966 3053 1052 3120 τοῦτο’
1073 3055 1104 3134 ν’
1128 3055 1285 3121 ἐπίστασθε
1307 3054 1349 3119 ὅτι
1374 3054 1476 3136 βιρὲιις

359 3170 414 3248 μὲν
437 3167 491 3243 ἔξω
514 3176 565 3235 τοῦ
589 3169 697 3234 Πόντον
722 3170 810 3251 Φέρει,
836 3167 914 3242 νότος
937 3169 967 3233 δὲ
990 3166 1065 3235 εἵσω.

403 3285 567 3370 Exempla,
598 3285 717 3369 quibus
748 3304 898 3348 numeros
928 3284 1012 3347 XIII
1043 3290 1073 3348 et
1094 3261 1340 3368 XIVapposui‚
1364 3285 1423 3348 hae
1443 3285 1477 3347 in

359 3418 392 3463 re
414 3399 580 3482 paululum
605 3420 624 3462 a
647 3400 759 3463 ceteris
783 3398 941 3481 differunt,
966 3398 1051 3482 quod
1076 3398 1120 3462 ibi
1144 3397 1478 3482 particularitatem·

361 3532 455 3596 quam
491 3512 625 3576 ultimus
660 3512 800 3576 annulus
831 3517 1091 3596 argumentorum
1123 3517 1252 3576 catenae
1282 3511 1476 3595 adiungitur,

360 3627 466 3690 statim
488 3633 560 3711 post
583 3629 771 3690 senteutiam
793 3626 969 3690 absolutam
991 3628 1136 3710 sequitur
1155 3627 1325 3690 conclusio.
1347 3626 1429 3691 Sunt
1448 3631 1479 3689 et

360 3741 424 3804 duo
449 3740 503 3804 alii
526 3741 586 3805 looi
606 3741 656 3805 his
678 3761 807 3825 prorsus
828 3740 957 3822 similes
978 3762 1172 3826 quamquam
1193 3742 1310 3806 diversi
1324 3743 1478 3806 videntur.

358 3853 495 3918 Videtur
518 3856 602 3919 enim
627 3856 697 3939 ipsa
719 3854 882 3919 oonolusio
905 3874 961 3939 per
985 3855 1172 3939 particulam
1196 3852 1255 3930 μήν
1281 3855 1479 3938 argumentis

352 3949 494 4051 annecti,
518 3989 628 4033 revera
647 3972 693 4033 ita
715 3988 749 4033 se
769 3988 819 4032 res
839 3967 941 4050 habet,
954 3974 990 4032 ut
1009 3988 1045 4033 ea
1057 3968 1211 4053 particula
1224 3968 1372 4032 ultimum
1386 3987 1479 4052 argu-

261 4155 266 4166 ,
362 4089 503 4147 mentum
528 4103 602 4147 oum
620 4082 883 4167 praecedentibus
903 4081 1078 4165 copuletur,
1091 4082 1160 4165 ipsa
1179 4081 1341 4145 oonolusio
1353 4082 1479 4144 omitta-

360 4196 480 4278 tur,vel
493 4199 598 4281 potius
610 4197 785 4281 legentium
798 4194 1063 4278 audientiumque
1075 4195 1479 4279 permittaturprudentiae.

405 4309 494 4374 XVI
524 4311 616 4376 Alter
638 4317 687 4376 ast
712 4309 763 4393 (V,
787 4310 817 4392 8,
841 4309 914 4390 26):
937 4307 1020 4371 ἀλλὰ
1042 4307 1102 4386 μὴν
1125 4305 1214 4372 natio
1237 4331 1273 4386 γε
1296 4307 1347 4372 nai
1370 4305 1479 4372 δι’κιιιον
