3354 5268
757 602 805 662 51

224 782 276 850 κοῶ
300 782 374 848 ὅσιον
394 787 450 848 ’τῶν
472 783 592 862 οὶγοοθῶν
615 785 732 862 μῶλλον
751 781 768 857 ἢ
789 786 845 848 τῶν
864 786 960 848 κοοκῶν
980 784 1157 863 μεμνῆσθαι.
1171 783 1341 849 Conclusio

225 902 290 963 est:
324 898 422 963 nolite
454 918 528 983 ergo
555 898 689 963 milites!
713 900 748 961 in
771 898 975 962 recordandis
999 899 1090 963 malis
1113 898 1253 963 firmiore
1277 917 1347 963 esse

226 1014 379 1076 memoria
402 1032 498 1096 quam
522 1013 557 1075 in
579 1012 680 1076 bonis.

270 1125 376 1189 XVII.
410 1127 502 1191 Alter
535 1126 652 1210 legitur
680 1124 714 1189 L.
745 1125 788 1208 H,
818 1127 849 1203 4,
872 1127 922 1188 20.
947 1125 1094 1190 Prudens
1117 1125 1346 1190 adolescentuli

227 1237 471 1323 (Xenophontis)
495 1241 528 1303 in
555 1238 698 1304 Clearchi
720 1239 927 1304 tabernaculo
951 1239 1120 1303 consilium
1143 1239 1230 1302 hunc
1249 1238 1345 1303 finem

226 1352 337 1416 habet:
371 1351 435 1417 οὐδὲ
463 1351 522 1429 μῶν
546 1351 687 1429 denirium
711 1354 826 1416 reatuin
849 1349 935 1415 ὄντων
957 1350 1050 1424 οὐδεὶς
1073 1352 1172 1424 οούτοῑς
1194 1350 1347 1424 δονήσεται

225 1464 388 1543 λελυμένης
411 1471 465 1539 τῆς
486 1463 629 1546 γεφύραις.
656 1465 824 1531 Conclusio
846 1471 910 1530 est:
932 1466 1019 1530 hisce
1040 1467 1235 1550 argumentis
1246 1465 1347 1530 fretus

227 1599 393 1664 nunquam
416 1581 509 1646 credo
532 1600 602 1645 eam
625 1581 691 1646 fore
712 1581 931 1666 Tissaphernis
956 1580 1135 1664 stultitiam,
1157 1585 1195 1645 ut
1216 1585 1345 1664 pontem

228 1695 396 1760 rescindat.

272 1808 438 1872 Interdum
462 1807 700 1872 demonstrandi
722 1806 846 1871 initium
867 1808 993 1872 videtur
1012 1806 1072 1884 μῶν
1091 1807 1222 1872 habere:
1235 1826 1346 1872 revera

227 1927 334 1986 tamen
367 1922 404 2003 is,
435 1922 491 2004 qui
523 1920 620 1984 verba
649 1920 732 2002 facit,
762 1921 807 1985 ita
838 1921 1009 2004 respondet
1031 1923 1069 2004 ei,
1094 1922 1150 2006 qui
1173 1925 1246 1984 ante
1270 1940 1344 1985 eum

228 2035 320 2116 dixit,
351 2039 387 2098 ut
419 2035 489 2097 eius
513 2035 704 2098 sententiam
727 2033 778 2097 vel
800 2033 941 2098 infirmet
965 2034 1016 2098 vel
1039 2036 1182 2119 corrigat.
1205 2033 1290 2118 Ergo
1315 2041 1348 2098 θῖ

229 2147 276 2211 ibi
300 2166 429 2231 quoque
452 2148 538 2210 cerni
561 2151 664 2230 potest
687 2148 736 2210 vis
759 2148 922 2231 iungendi,
945 2148 1123 2231 copulandi,
1147 2147 1346 2230 annectendi,

231 2281 328 2344 quam
350 2261 385 2323 in
409 2260 654 2324 demonstrando
678 2280 715 2325 ea
735 2262 891 2344 particula
915 2261 1019 2325 habet.

273 2372 396 2436 XVIII.
424 2369 500 2454 „ipsi
524 2396 560 2450 γε
583 2371 652 2450 μὴν,
677 2365 837 2453 diripe?
857 2375 901 2438 ita
919 2375 1087 2439 exordium
1106 2373 1208 2437 facere
1221 2373 1347 2436 videtur

229 2487 273 2568 (1.
297 2486 371 2569 VH,
395 2488 424 2570 6,
447 2487 501 2567 41)
520 2486 721 2568 Polycrates:
741 2489 861 2552 rectius
880 2493 987 2553 tamen
1007 2489 1125 2553 dixeris
1138 2507 1212 2552 eum
1221 2507 1343 2552 novum

228 2605 454 2685 argumentum
478 2601 600 2665 addere.

271 2713 363 2778 XIX.
403 2711 480 2796 ,acl
514 2712 574 2792 μῶν
607 2707 628 2776 ῶ
664 2713 758 2793 Κῦρε”
791 2717 835 2779 aii
871 2715 997 2780 Gaulita
1027 2715 1154 2780 Samius
1185 2715 1220 2798 (I,
1254 2716 1282 2798 7,
1315 2716 1346 2797 5)

231 2827 377 2912 „diposui
408 2851 482 2899 τινες
513 2824 555 2891 ὅτι
586 2826 686 2890 πολλοὶ
717 2827 854 2907 ὑτοοχνεο
886 2832 935 2892 νῶν
957 2827 1006 2892 διὰ
1028 2829 1061 2893 τὸ
1085 2829 1114 2891 ἐν
1137 2827 1252 2908 τοιούτῳ
1275 2822 1347 2893 εἶνοοο

228 2941 310 3006 κτὲ.”
342 2942 404 3007 His
436 2948 542 3006 autem
571 2942 676 3006 verbis
702 2941 820 3025 Cyrum
844 2942 1032 3028 interpellat,
1054 2945 1073 3006 i.
1086 2962 1110 3007 e.
1138 2962 1253 3006 novam
1277 2963 1346 3007 ora·

227 3057 324 3120 tionis
347 3060 468 3140 partem
492 3057 522 3120 ei
544 3055 773 3120 subministrat.

273 3167 348 3231 XX.
378 3167 497 3232 Eadem
527 3173 576 3232 est
598 3170 678 3232 ratio
702 3168 760 3252 HI,
783 3170 813 3252 4,
835 3171 877 3232 40
901 3169 957 3232 ubi
980 3168 1225 3254 Xenophontem
1248 3172 1345 3235 inter·

228 3280 374 3365 pellando
418 3280 626 3366 Ohuisophus
665 3284 827 3346 communi
863 3282 1081 3347 deliberationi
1115 3286 1191 3348 novi
1225 3284 1346 3368 aliquid

230 3394 356 3458 adiicit:
384 3393 494 3477 „datia
517 3392 577 3471 μὴν
601 3390 657 3474 ripa
680 3393 866 3472 βουλεῶεοῖοοο
889 3399 950 3467 πῶς
970 3419 1014 3468 τος
1035 3395 1101 3468 τοὺς
1120 3393 1227 3477 ῶνδροος
1246 3399 1347 3478 ἀπελᾷ

229 3507 289 3571 riri
312 3512 363 3572 τοῦ
385 3505 478 3588 λόφον
502 3510 652 3590 (ceterum
676 3509 724 3572 off.
749 3507 787 3572 N.
809 3507 891 3572 XVI
914 3515 945 3574 et
965 3509 1085 3592 XVII).

272 3623 365 3687 XXI.
395 3622 429 3687 L.
462 3623 501 3707 V,
526 3625 555 3706 8,
581 3625 608 3686 3.
640 3622 711 3687 Hoc
737 3643 865 3708 quoque
887 3625 956 3688 loco
980 3645 1042 3688 non
1067 3631 1132 3689 tam
1156 3625 1344 3708 respondere

232 3738 386 3803 dicendus
422 3744 470 3803 est
503 3738 684 3823 Xenophon
714 3739 808 3802 militi
839 3742 1046 3823 conquerenti
1070 3740 1108 3804 de
1130 3742 1257 3822 iniuria,
1282 3760 1346 3823 qua

229 3853 271 3916 sit
302 3852 442 3935 affectus,
465 3872 560 3935 quam
588 3853 658 3916 eius
682 3852 810 3935 querela
834 3854 882 3916 uti
904 3858 1067 3936 tamquam
1092 3873 1168 3918 suae
1191 3853 1346 3917 defensio-

228 3968 280 4030 nis
310 3966 450 4048 cxordio,
475 3987 570 4050 quam
601 3986 675 4051 ergo
698 3968 745 4030 sic
767 3967 929 4050 adiungIt:
956 3965 1039 4030 ἀλλὰ
1062 3966 1122 4042 μὴν
1145 3968 1289 4045 χειμῶνός
1312 3966 1343 4045 γ’

228 4077 390 4152 ῶντος....
427 4078 450 4141 εἷ
483 4079 512 4142 ἕν
546 4077 660 4158 τοιούτῳ
694 4077 786 4160 χρόνῳ
817 4075 931 4159 ὕβριζον
959 4078 1093 4157 ὁμολογῶ
1124 4078 1176 4143 κοῶ
1200 4085 1256 4144 τῶν
1278 4079 1346 4145 ῶνῶν

229 4190 423 4273 ὑβριστότερος
449 4186 528 4256 εἶνοοο.

271 4307 354 4372 Raro
388 4309 423 4370 in
456 4306 641 4372 narratione
674 4305 734 4385 μήν
767 4308 922 4392 reperies:
954 4309 1016 4371 tria
1046 4309 1180 4372 suntin
1202 4308 1346 4376 Anabasi
