3348 5262
749 609 812 672 281

216 800 343 873 μαχεῖν·
379 794 410 857 οὐ
444 791 502 873 γὰρ
537 789 624 864 ἔστιν,
656 790 725 872 ἔφη,
756 793 905 872 χρήματα
935 791 1018 871 ἡμῖν,
1049 799 1112 866 τοῖς
1141 793 1173 858 δὲ
1196 795 1346 872 πολεμίοις

216 907 334 990 ἄφθονα
368 905 451 986 παρα
485 904 648 984 βασιλέωςι
684 925 792 971 nonne
821 907 946 990 liquido
981 913 1111 992 apparet
1134 909 1212 973 haee
1234 909 1346 974 Xeno-

217 1022 367 1107 phontem
391 1020 463 1084 ideo
486 1023 614 1084 tantum
637 1021 753 1104 scripto
777 1021 957 1102 mandasse,
982 1025 1018 1084 ut
1041 1027 1160 1105 postea,
1184 1043 1286 1107 quum
1305 1025 1347 1088 ad

216 1135 392 1204 Alcibiadis
423 1135 600 1198 orationem
631 1134 681 1198 vel
713 1133 900 1197 tradendam
929 1133 980 1197 vel
1002 1133 1185 1218 fingendam
1210 1144 1344 1201 ventum

217 1253 310 1332 esset,
341 1248 514 1311 memoriae
541 1246 790 1310 succurrerent?
803 1245 826 1328 1)
850 1245 934 1309 Nam
958 1265 1000 1310 ne
1024 1252 1251 1331 argumentum
1275 1252 1346 1334 qui-
1421 1255 1423 1260 ’

217 1363 290 1427 dem
312 1362 466 1426 orationis
485 1359 590 1424 ullum
610 1363 674 1423 tam
696 1358 781 1423 exile
800 1378 871 1424 esse
889 1363 1002 1443 potest.
1015 1359 1054 1424 In
1066 1362 1225 1426 eiusmodi
1239 1368 1347 1427 autem

217 1476 409 1556 narratione,
443 1478 507 1537 tam
546 1474 682 1554 concisa,
717 1477 848 1556 tamque
882 1473 1068 1556 imperfecta
1102 1475 1345 1542 admirationem

217 1594 327 1652 movet
347 1586 520 1652 verborum
542 1586 680 1669 ubertas²
707 1605 790 1670 quae
813 1587 849 1648 in
872 1588 934 1654 isto
954 1584 1062 1666 αἰθρίας
1082 1586 1282 1666 γεγενημένης
1294 1587 1346 1652 καὶ

219 1705 270 1766 τοῦ
295 1699 375 1773 ἡλίου
398 1697 614 1778 ἐκλάμψαντος
637 1701 788 1763 cernitur.

262 1814 288 1898 I,
321 1817 372 1877 22.
403 1812 629 1897 Chrysopolim
661 1813 861 1877 advenerunt
884 1813 1115 1878 Athenienses:
1140 1834 1214 1880 eum
1237 1816 1347 1881 locum

221 1926 390 1991 moenibus
420 1925 600 2008 firmarunt,
623 1923 838 2005 δεκατευτήριον
866 1925 913 1990 ibi
937 1931 1128 2009 statuerunt,
1151 1929 1348 2011 praesidium

221 2040 417 2104 Theramene
440 2044 471 2104 et
492 2038 622 2102 Eubulo
646 2038 784 2102 ducibus
808 2039 1010 2122 reliquerunt
1032 2043 1083 2103 τοῦ
1108 2063 1141 2103 τε
1160 2039 1265 2121 χωρίου
1284 2042 1348 2104 ἐτι-

220 2153 374 2232 μελεῖσθαι
406 2149 458 2216 καὶ
493 2155 549 2216 τῶν
584 2151 763 2214 ἐκπλεόντων
792 2151 898 2216 πλοίων
930 2151 979 2215 καὶ
1010 2149 1038 2215 εἴ
1065 2175 1093 2217 τι
1116 2150 1192 2217 ἄλλο
1216 2152 1348 2218 δύναιντο

220 2263 369 2344 βλάπτειν
404 2263 471 2338 τοὺς
507 2263 672 2341 πολεμίους.
710 2263 805 2328 Modo
839 2265 967 2328 inutilia
1004 2265 1160 2349 quaedam
1190 2266 1348 2331 voeabula

220 2381 393 2446 resecanda
416 2398 487 2444 esse
507 2379 741 2459 demonstravi3
761 2379 837 2442 huie
850 2384 957 2443 tamen
969 2379 1038 2442 loeo
1053 2381 1213 2444 contraria
1225 2380 1349 2444 medela

221 2496 356 2561 salutem
380 2512 450 2558 esse
473 2492 665 2558 afferendam
690 2492 866 2556 contende:
891 2512 966 2555 nam
991 2497 1056 2555 tam
1079 2492 1282 2576 imperfectos
1305 2513 1346 2558 ne

220 2609 278 2672 hos
303 2607 432 2692 quidem
456 2606 555 2670 fibros
578 2626 597 2670 a
619 2604 836 2688 Xenophonte
858 2606 986 2669 relictos
1011 2623 1081 2670 esse
1100 2605 1204 2688 crede,
1224 2610 1261 2670 ut
1282 2608 1348 2670 sin-

220 2723 307 2806 gulis
331 2721 498 2803 sententiis
520 2720 701 2783 necessaria
721 2719 879 2802 quaedam
900 2739 974 2802 pars
993 2719 1126 2783 deesset.
1147 2718 1226 2782 Eam
1240 2725 1349 2784 autem

221 2834 436 2900 conditionem
467 2852 537 2898 esse
561 2831 733 2896 verborum
759 2851 842 2915 quae
866 2834 962 2896 citavi
984 2832 1070 2896 haud
1094 2832 1269 2898 obscurum
1294 2838 1350 2898 est

222 2947 307 3024 Quid
338 2947 447 3011 enim?
475 2945 636 3010 Relictam
660 2945 741 3008 illud
766 2945 960 3028 praesidium
984 2964 1055 3010 esse
1079 2945 1197 3010 dieitur
1220 2951 1251 3010 et
1273 2947 1350 3011 alia-

221 3083 294 3127 rum
317 3081 426 3126 rerum
448 3061 550 3143 gratia
573 3056 624 3122 καὶ
648 3055 675 3121 εἴ
693 3081 721 3121 τι
744 3055 820 3121 ἄλλο
846 3055 978 3121 δύναιντο
1002 3055 1151 3135 βλάπτειν
1174 3057 1242 3130 τοὺς
1261 3073 1349 3123 πολε-

222 3173 313 3252 μίους.
350 3172 438 3237 Num
473 3192 548 3257 ergo
579 3174 613 3236 in
644 3174 684 3236 iis
712 3191 795 3255 quae
816 3173 1014 3256 praecedunt
1037 3173 1076 3237 de
1100 3173 1215 3237 damno
1241 3174 1350 3257 aliquo

222 3287 369 3351 hostibus
391 3285 556 3350 inferendo
581 3285 711 3369 agitur?
736 3285 805 3348 Aut
826 3303 960 3368 prorsus
984 3285 1024 3348 de
1049 3304 1086 3349 ea
1108 3305 1143 3350 re
1163 3286 1277 3351 siletur
1295 3292 1352 3351 aut

224 3400 451 3465 obscurissime
474 3399 683 3482 significatur.
706 3397 836 3462 Etenim
860 3401 911 3462 τοῦ
934 3400 1038 3478 χωρίον
1060 3399 1259 3476 ἐπιμελεῖσθαι
1282 3406 1348 3465 est:

222 3515 329 3578 locum
353 3515 515 3577 munitum
538 3512 698 3576 custodire
721 3531 762 3576 ne
782 3513 816 3574 in
838 3512 980 3576 hostium
1005 3532 1122 3577 manus
1146 3514 1269 3594 veniat3
1294 3517 1350 3576 τῶν

223 3623 401 3690 ἐκπλεόντων
445 3622 550 3688 πλοίων
586 3625 788 3701 ἐπιμελεῖσθαι
825 3624 999 3709 signifieat:
1037 3645 1137 3690 naves
1172 3646 1214 3690 ex
1249 3626 1352 3690 Ponto

225 3742 390 3804 venientes
412 3739 588 3803 observare.
612 3738 664 3801 Ad
688 3743 840 3803 neutrum
864 3741 981 3803 horum
1003 3737 1036 3802 τὸ
1060 3735 1135 3802 ἄλλο
1155 3761 1183 3802 τι
1203 3736 1351 3815 βλάπτειν

259 3959 286 4024 1)
305 3959 413 4010 Frustra
438 3974 465 4010 sa
490 3964 591 4010 exerrat
614 3959 772 4009 Plutarchus
797 3957 862 4025 (Alc.
886 3958 930 4025 28)
953 3965 984 4011 ut
1001 3959 1156 4010 exornandis
1173 3960 1352 4026 Xenophontis

226 4051 310 4101 verbis
334 4051 432 4115 aliquid
456 4049 551 4100 efficiat
577 4051 645 4114 quod
670 4051 754 4099 iustae
779 4051 908 4100 concionis
935 4050 1046 4114 speeiem
1073 4051 1205 4114 praebeat:
1229 4053 1286 4109 τοὺς
1308 4053 1353 4113 μὲν

226 4140 377 4203 στρατιώτας
394 4142 554 4203 παρώρμησεν,
572 4141 603 4197 ὡς
619 4141 727 4202 ἀνάγκην
744 4138 816 4190 οὖσαν
834 4140 916 4198 αὐτοῖς
934 4141 976 4190 καὶ
991 4143 1126 4203 ναυμαχεῖν
1141 4141 1184 4190 καῖ
1200 4143 1351 4208 πεζομαχεῖν

226 4232 269 4280 καὶ
292 4232 324 4289 νὴ
351 4233 410 4281 Δία
437 4235 600 4293 τειχομαχεῖν
626 4233 681 4292 πρὸς
705 4233 760 4288 τοὺς
787 4231 924 4293 πολεμίους·
952 4229 1071 4293 χρήματα
1098 4233 1145 4294 γὰρ
1170 4231 1213 4281 οἰικ
1237 4230 1294 4282 εἶναι
1312 4235 1351 4295 μὴ

227 4322 331 4386 πάντῃ
349 4326 510 4384 κρατοῦσι.
527 4322 624 4372 Risum
642 4328 729 4373 movet
745 4323 868 4373 flosculus
885 4323 934 4374 iste
951 4323 977 4379 νὴ
995 4322 1051 4374 Διά.
