<?xml version="1.0" encoding="UTF-8"?>
<!DOCTYPE html PUBLIC "-//W3C//DTD XHTML 1.0 Transitional//EN"
    "http://www.w3.org/TR/xhtml1/DTD/xhtml1-transitional.dtd">
<html xmlns="http://www.w3.org/1999/xhtml" xml:lang="en" lang="en">
 <head>
  <title>
</title>
<meta http-equiv="Content-Type" content="text/html;charset=utf-8" />
  <meta name='ocr-system' content='tesseract 3.04.00' />
  <meta name='ocr-capabilities' content='ocr_page ocr_carea ocr_par ocr_line ocrx_word'/>
</head>
<body>
  <div class='ocr_page' id='page_1' title='image "./analectaxenopho00hartgoog_0183.png"; bbox 0 0 3352 5260; ppageno 0'>
   <div class='ocr_carea' id='block_1_1' title="bbox 858 553 921 620">
    <p class='ocr_par' dir='ltr' id='par_1_1' title="bbox 858 553 921 620">
     <span class='ocr_line' id='line_1_1' title="bbox 858 553 921 620; baseline 0.016 -2"><span class='ocrx_word' id='word_1_1' title='bbox 858 553 921 620; x_wconf 83' lang='lat'>168</span> 
     </span>
    </p>
   </div>
   <div class='ocr_carea' id='block_1_2' title="bbox 318 740 1447 3636">
    <p class='ocr_par' dir='ltr' id='par_1_2' title="bbox 321 740 1447 1053">
     <span class='ocr_line' id='line_1_2' title="bbox 325 740 1447 828; baseline -0.004 -19"><span class='ocrx_word' id='word_1_2' title='bbox 325 764 428 828; x_wconf 89' lang='lat' dir='ltr'>coquo</span> <span class='ocrx_word' id='word_1_3' title='bbox 458 744 545 808; x_wconf 89' lang='lat' dir='ltr'>istud</span> <span class='ocrx_word' id='word_1_4' title='bbox 577 740 640 815; x_wconf 76' lang='grc' dir='ltr'><strong><em>κονὶ,</em></strong></span> <span class='ocrx_word' id='word_1_5' title='bbox 665 742 751 825; x_wconf 90' lang='lat' dir='ltr'>quod</span> <span class='ocrx_word' id='word_1_6' title='bbox 781 745 850 805; x_wconf 91' lang='lat' dir='ltr'>tum</span> <span class='ocrx_word' id='word_1_7' title='bbox 877 741 1007 805; x_wconf 91' lang='lat' dir='ltr'>demum</span> <span class='ocrx_word' id='word_1_8' title='bbox 1031 745 1118 804; x_wconf 89' lang='lat' dir='ltr'>recte</span> <span class='ocrx_word' id='word_1_9' title='bbox 1141 741 1282 825; x_wconf 83' lang='lat' dir='ltr'>positum</span> <span class='ocrx_word' id='word_1_10' title='bbox 1305 746 1396 823; x_wconf 84' lang='lat' dir='ltr'>esset,</span> <span class='ocrx_word' id='word_1_11' title='bbox 1420 744 1447 806; x_wconf 86' lang='lat' dir='ltr'>si</span> 
     </span>
     <span class='ocr_line' id='line_1_3' title="bbox 324 849 1446 938; baseline -0.004 -17"><span class='ocrx_word' id='word_1_12' title='bbox 324 857 484 922; x_wconf 89' lang='lat' dir='ltr'>eiusmodi</span> <span class='ocrx_word' id='word_1_13' title='bbox 515 857 672 921; x_wconf 84' lang='lat' dir='ltr'>sententia</span> <span class='ocrx_word' id='word_1_14' title='bbox 704 859 796 937; x_wconf 85' lang='lat' dir='ltr'>esset,</span> <span class='ocrx_word' id='word_1_15' title='bbox 821 858 858 917; x_wconf 89' lang='lat' dir='ltr'>ut</span> <span class='ocrx_word' id='word_1_16' title='bbox 886 873 944 938; x_wconf 93' lang='lat' dir='ltr'>pro</span> <span class='ocrx_word' id='word_1_17' title='bbox 968 849 1078 926; x_wconf 72' lang='grc' dir='ltr'>εὐεξίαν</span> <span class='ocrx_word' id='word_1_18' title='bbox 1102 854 1261 938; x_wconf 85' lang='lat' dir='ltr'>legeretur</span> <span class='ocrx_word' id='word_1_19' title='bbox 1282 849 1446 932; x_wconf 77' lang='grc' dir='ltr'><strong><em>κοχεξίιινι</em></strong></span> 
     </span>
     <span class='ocr_line' id='line_1_4' title="bbox 321 964 1441 1053; baseline -0.005 -17"><span class='ocrx_word' id='word_1_20' title='bbox 321 971 458 1036; x_wconf 87' lang='lat' dir='ltr'>conferri</span> <span class='ocrx_word' id='word_1_21' title='bbox 489 971 574 1034; x_wconf 93' lang='lat' dir='ltr'>enim</span> <span class='ocrx_word' id='word_1_22' title='bbox 604 972 713 1053; x_wconf 90' lang='lat' dir='ltr'>posset</span> <span class='ocrx_word' id='word_1_23' title='bbox 742 969 946 1031; x_wconf 90' lang='lat' dir='ltr'>notissimum</span> <span class='ocrx_word' id='word_1_24' title='bbox 969 967 1051 1030; x_wconf 93' lang='lat' dir='ltr'>illud</span> <span class='ocrx_word' id='word_1_25' title='bbox 1074 966 1087 1029; x_wconf 77' lang='lat' dir='ltr'>d</span> <span class='ocrx_word' id='word_1_26' title='bbox 1109 966 1222 1046; x_wconf 72' lang='grc' dir='ltr'><strong><em>τρώσας</em></strong></span> <span class='ocrx_word' id='word_1_27' title='bbox 1245 964 1297 1031; x_wconf 74' lang='lat' dir='ltr'>cal</span> <span class='ocrx_word' id='word_1_28' title='bbox 1320 964 1441 1030; x_wconf 74' lang='grc' dir='ltr'><strong><em>ὶοέοετοιι.</em></strong></span> 
     </span>
    </p>

    <p class='ocr_par' dir='ltr' id='par_1_3' title="bbox 319 1079 1446 2182">
     <span class='ocr_line' id='line_1_5' title="bbox 367 1079 1446 1168; baseline -0.002 -20"><span class='ocrx_word' id='word_1_29' title='bbox 367 1086 396 1148; x_wconf 90' lang='lat'>8.</span> <span class='ocrx_word' id='word_1_30' title='bbox 429 1083 605 1168; x_wconf 83' lang='lat' dir='ltr'>Epigenem</span> <span class='ocrx_word' id='word_1_31' title='bbox 628 1083 769 1166; x_wconf 90' lang='lat' dir='ltr'>corporis</span> <span class='ocrx_word' id='word_1_32' title='bbox 792 1083 843 1145; x_wconf 91' lang='lat' dir='ltr'>sui</span> <span class='ocrx_word' id='word_1_33' title='bbox 866 1081 987 1145; x_wconf 91' lang='lat' dir='ltr'>nullam</span> <span class='ocrx_word' id='word_1_34' title='bbox 1017 1100 1126 1144; x_wconf 89' lang='lat' dir='ltr'>curam</span> <span class='ocrx_word' id='word_1_35' title='bbox 1149 1079 1318 1146; x_wconf 83' lang='lat' dir='ltr'><strong>habentem</strong></span> <span class='ocrx_word' id='word_1_36' title='bbox 1341 1099 1446 1163; x_wconf 88' lang='lat' dir='ltr'>neque</span> 
     </span>
     <span class='ocr_line' id='line_1_6' title="bbox 322 1193 1443 1279; baseline -0.004 -18"><span class='ocrx_word' id='word_1_37' title='bbox 322 1194 606 1261; x_wconf 74' lang='lat' dir='ltr'>exercitationibus</span> <span class='ocrx_word' id='word_1_38' title='bbox 635 1195 846 1279; x_wconf 86' lang='lat' dir='ltr'>gymnasticis</span> <span class='ocrx_word' id='word_1_39' title='bbox 879 1212 1007 1277; x_wconf 90' lang='lat' dir='ltr'>operam</span> <span class='ocrx_word' id='word_1_40' title='bbox 1038 1193 1166 1257; x_wconf 81' lang='lat' dir='ltr'>dantem</span> <span class='ocrx_word' id='word_1_41' title='bbox 1190 1198 1221 1257; x_wconf 91' lang='lat' dir='ltr'>et</span> <span class='ocrx_word' id='word_1_42' title='bbox 1242 1194 1313 1260; x_wconf 85' lang='lat' dir='ltr'>aliis</span> <span class='ocrx_word' id='word_1_43' title='bbox 1337 1193 1443 1258; x_wconf 89' lang='lat' dir='ltr'>verbis</span> 
     </span>
     <span class='ocr_line' id='line_1_7' title="bbox 321 1304 1442 1395; baseline -0.005 -21"><span class='ocrx_word' id='word_1_44' title='bbox 321 1310 523 1395; x_wconf 86' lang='lat' dir='ltr'>reprehendit</span> <span class='ocrx_word' id='word_1_45' title='bbox 546 1309 700 1391; x_wconf 81' lang='lat' dir='ltr'>Socrates,</span> <span class='ocrx_word' id='word_1_46' title='bbox 722 1313 754 1373; x_wconf 86' lang='lat' dir='ltr'>et</span> <span class='ocrx_word' id='word_1_47' title='bbox 776 1307 879 1372; x_wconf 90' lang='lat' dir='ltr'>hisce:</span> <span class='ocrx_word' id='word_1_48' title='bbox 904 1305 1025 1386; x_wconf 78' lang='grc' dir='ltr'><strong><em>οιὶοχοόν</em></strong></span> <span class='ocrx_word' id='word_1_49' title='bbox 1048 1306 1079 1370; x_wconf 72' lang='grc' dir='ltr'>δὲ</span> <span class='ocrx_word' id='word_1_50' title='bbox 1102 1304 1154 1370; x_wconf 78' lang='lat' dir='ltr'>acl</span> <span class='ocrx_word' id='word_1_51' title='bbox 1175 1307 1207 1370; x_wconf 81' lang='grc' dir='ltr'>τὸ</span> <span class='ocrx_word' id='word_1_52' title='bbox 1226 1305 1274 1372; x_wconf 71' lang='grc' dir='ltr'>διὰ</span> <span class='ocrx_word' id='word_1_53' title='bbox 1292 1305 1345 1379; x_wconf 69' lang='grc' dir='ltr'>τὴν</span> <span class='ocrx_word' id='word_1_54' title='bbox 1365 1305 1442 1384; x_wconf 70' lang='grc' dir='ltr'><strong><em>οἱμὲ-</em></strong></span> 
     </span>
     <span class='ocr_line' id='line_1_8' title="bbox 320 1417 1443 1502; baseline -0.003 -16"><span class='ocrx_word' id='word_1_55' title='bbox 320 1437 402 1487; x_wconf 75' lang='grc' dir='ltr'><strong><em>λειονν</em></strong></span> <span class='ocrx_word' id='word_1_56' title='bbox 425 1424 553 1502; x_wconf 75' lang='grc' dir='ltr'><strong><em>γνοοῖσοιι</em></strong></span> <span class='ocrx_word' id='word_1_57' title='bbox 576 1420 641 1498; x_wconf 75' lang='grc' dir='ltr'><strong><em>πρὶν</em></strong></span> <span class='ocrx_word' id='word_1_58' title='bbox 664 1421 734 1485; x_wconf 79' lang='grc' dir='ltr'>ἰδεῖν</span> <span class='ocrx_word' id='word_1_59' title='bbox 756 1420 858 1484; x_wconf 83' lang='grc' dir='ltr'><strong><em>ἑοιοτὸν</em></strong></span> <span class='ocrx_word' id='word_1_60' title='bbox 880 1426 960 1491; x_wconf 80' lang='grc' dir='ltr'><strong><em>τοῖος</em></strong></span> <span class='ocrx_word' id='word_1_61' title='bbox 982 1417 1018 1484; x_wconf 71' lang='grc' dir='ltr'>ἂν</span> <span class='ocrx_word' id='word_1_62' title='bbox 1042 1418 1201 1492; x_wconf 69' lang='grc' dir='ltr'><strong><em>κάλλιστος</em></strong></span> <span class='ocrx_word' id='word_1_63' title='bbox 1219 1418 1272 1486; x_wconf 73' lang='lat' dir='ltr'>nal</span> <span class='ocrx_word' id='word_1_64' title='bbox 1291 1418 1443 1500; x_wconf 74' lang='grc' dir='ltr'><strong><em>κροὶτιττος</em></strong></span> 
     </span>
     <span class='ocr_line' id='line_1_9' title="bbox 319 1533 1443 1618; baseline -0.004 -18"><span class='ocrx_word' id='word_1_65' title='bbox 319 1537 360 1616; x_wconf 79' lang='grc' dir='ltr'>τῷ</span> <span class='ocrx_word' id='word_1_66' title='bbox 382 1535 500 1612; x_wconf 67' lang='lat' dir='ltr'>odacri</span> <span class='ocrx_word' id='word_1_67' title='bbox 522 1533 640 1612; x_wconf 70' lang='grc' dir='ltr'><strong><em>γένοιτο.</em></strong></span> <span class='ocrx_word' id='word_1_68' title='bbox 665 1535 740 1598; x_wconf 90' lang='lat' dir='ltr'>Una</span> <span class='ocrx_word' id='word_1_69' title='bbox 762 1535 854 1598; x_wconf 84' lang='lat' dir='ltr'>litera</span> <span class='ocrx_word' id='word_1_70' title='bbox 876 1534 978 1598; x_wconf 84' lang='lat' dir='ltr'>deleta</span> <span class='ocrx_word' id='word_1_71' title='bbox 997 1535 1122 1599; x_wconf 82' lang='lat' dir='ltr'>restitui</span> <span class='ocrx_word' id='word_1_72' title='bbox 1142 1538 1246 1618; x_wconf 83' lang='lat' dir='ltr'>potest</span> <span class='ocrx_word' id='word_1_73' title='bbox 1266 1534 1353 1617; x_wconf 87' lang='lat' dir='ltr'>quod</span> <span class='ocrx_word' id='word_1_74' title='bbox 1364 1535 1443 1597; x_wconf 84' lang='lat' dir='ltr'>mihi</span> 
     </span>
     <span class='ocr_line' id='line_1_10' title="bbox 321 1645 1444 1732; baseline 0.001 -20"><span class='ocrx_word' id='word_1_75' title='bbox 321 1647 505 1732; x_wconf 89' lang='lat' dir='ltr'>Xenophon</span> <span class='ocrx_word' id='word_1_76' title='bbox 536 1648 677 1711; x_wconf 89' lang='lat' dir='ltr'>voluisse</span> <span class='ocrx_word' id='word_1_77' title='bbox 700 1647 834 1711; x_wconf 90' lang='lat' dir='ltr'>videtur.</span> <span class='ocrx_word' id='word_1_78' title='bbox 858 1645 1047 1730; x_wconf 89' lang='lat' dir='ltr'>Requiritur</span> <span class='ocrx_word' id='word_1_79' title='bbox 1070 1648 1172 1712; x_wconf 90' lang='lat' dir='ltr'>enim:</span> <span class='ocrx_word' id='word_1_80' title='bbox 1196 1648 1386 1731; x_wconf 86' lang='lat' dir='ltr'>priusquam</span> <span class='ocrx_word' id='word_1_81' title='bbox 1409 1667 1444 1713; x_wconf 90' lang='lat' dir='ltr'>se</span> 
     </span>
     <span class='ocr_line' id='line_1_11' title="bbox 320 1760 1443 1845; baseline -0.001 -20"><span class='ocrx_word' id='word_1_82' title='bbox 320 1764 426 1845; x_wconf 89' lang='lat' dir='ltr'>ipsum</span> <span class='ocrx_word' id='word_1_83' title='bbox 458 1761 573 1826; x_wconf 86' lang='lat' dir='ltr'>viderit</span> <span class='ocrx_word' id='word_1_84' title='bbox 604 1780 641 1825; x_wconf 90' lang='lat' dir='ltr'>ea</span> <span class='ocrx_word' id='word_1_85' title='bbox 667 1760 847 1844; x_wconf 87' lang='lat' dir='ltr'>praeditum</span> <span class='ocrx_word' id='word_1_86' title='bbox 878 1761 1019 1844; x_wconf 88' lang='lat' dir='ltr'>corporis</span> <span class='ocrx_word' id='word_1_87' title='bbox 1049 1760 1160 1842; x_wconf 76' lang='lat' dir='ltr'>forma,</span> <span class='ocrx_word' id='word_1_88' title='bbox 1184 1779 1266 1843; x_wconf 90' lang='lat' dir='ltr'>quae</span> <span class='ocrx_word' id='word_1_89' title='bbox 1289 1762 1330 1826; x_wconf 89' lang='lat' dir='ltr'>sit</span> <span class='ocrx_word' id='word_1_90' title='bbox 1353 1779 1443 1844; x_wconf 89' lang='lat' dir='ltr'>prae-</span> 
     </span>
     <span class='ocr_line' id='line_1_12' title="bbox 321 1874 1443 1958; baseline -0.003 -18"><span class='ocrx_word' id='word_1_91' title='bbox 321 1876 527 1956; x_wconf 78' lang='lat' dir='ltr'>stantissima,</span> <span class='ocrx_word' id='word_1_92' title='bbox 549 1874 590 1938; x_wconf 89' lang='lat' dir='ltr'>ad</span> <span class='ocrx_word' id='word_1_93' title='bbox 614 1893 711 1957; x_wconf 88' lang='lat' dir='ltr'>quam</span> <span class='ocrx_word' id='word_1_94' title='bbox 735 1875 876 1938; x_wconf 88' lang='lat' dir='ltr'>strenuis</span> <span class='ocrx_word' id='word_1_95' title='bbox 901 1874 1184 1938; x_wconf 78' lang='lat' dir='ltr'>exercitationibus</span> <span class='ocrx_word' id='word_1_96' title='bbox 1208 1875 1309 1958; x_wconf 89' lang='lat' dir='ltr'>possit</span> <span class='ocrx_word' id='word_1_97' title='bbox 1330 1892 1443 1958; x_wconf 85' lang='lat' dir='ltr'>perve-</span> 
     </span>
     <span class='ocr_line' id='line_1_13' title="bbox 321 1978 1443 2070; baseline -0.003 -18"><span class='ocrx_word' id='word_1_98' title='bbox 321 1990 398 2052; x_wconf 91' lang='lat' dir='ltr'>nire.</span> <span class='ocrx_word' id='word_1_99' title='bbox 421 1986 607 2070; x_wconf 76' lang='lat' dir='ltr'>legendum</span> <span class='ocrx_word' id='word_1_100' title='bbox 631 2005 705 2070; x_wconf 86' lang='lat' dir='ltr'>ergo</span> <span class='ocrx_word' id='word_1_101' title='bbox 729 1978 782 2057; x_wconf 74' lang='grc' dir='ltr'><strong><em>οἶος</em></strong></span> <span class='ocrx_word' id='word_1_102' title='bbox 806 1991 854 2050; x_wconf 89' lang='lat' dir='ltr'>est</span> <span class='ocrx_word' id='word_1_103' title='bbox 877 2005 934 2070; x_wconf 94' lang='lat' dir='ltr'>pro</span> <span class='ocrx_word' id='word_1_104' title='bbox 957 1991 1055 2060; x_wconf 81' lang='grc' dir='ltr'><strong><em>τοῖος;</em></strong></span> <span class='ocrx_word' id='word_1_105' title='bbox 1075 2006 1149 2050; x_wconf 85' lang='lat' dir='ltr'>nam</span> <span class='ocrx_word' id='word_1_106' title='bbox 1170 1979 1223 2058; x_wconf 79' lang='grc' dir='ltr'><strong><em>οἷος</em></strong></span> <span class='ocrx_word' id='word_1_107' title='bbox 1235 1983 1272 2052; x_wconf 78' lang='lat' dir='ltr'>ta</span> <span class='ocrx_word' id='word_1_108' title='bbox 1283 1984 1443 2059; x_wconf 68' lang='grc' dir='ltr'><strong><em>κάλλιστος</em></strong></span> 
     </span>
     <span class='ocr_line' id='line_1_14' title="bbox 319 2097 1232 2182; baseline -0.002 -18"><span class='ocrx_word' id='word_1_109' title='bbox 319 2099 429 2180; x_wconf 72' lang='grc' dir='ltr'><strong><em>γένοιτο</em></strong></span> <span class='ocrx_word' id='word_1_110' title='bbox 452 2101 518 2165; x_wconf 86' lang='lat' dir='ltr'>fere</span> <span class='ocrx_word' id='word_1_111' title='bbox 542 2101 627 2164; x_wconf 86' lang='lat' dir='ltr'>idem</span> <span class='ocrx_word' id='word_1_112' title='bbox 651 2104 706 2177; x_wconf 83' lang='lat' dir='ltr'>est,</span> <span class='ocrx_word' id='word_1_113' title='bbox 732 2099 819 2182; x_wconf 90' lang='lat' dir='ltr'>quod</span> <span class='ocrx_word' id='word_1_114' title='bbox 842 2098 930 2162; x_wconf 77' lang='grc' dir='ltr'><strong><em>οιῦτὸν</em></strong></span> <span class='ocrx_word' id='word_1_115' title='bbox 952 2098 1042 2163; x_wconf 71' lang='grc' dir='ltr'><strong><em>αὑτοῦ</em></strong></span> <span class='ocrx_word' id='word_1_116' title='bbox 1065 2097 1232 2164; x_wconf 79' lang='grc' dir='ltr'><strong><em>κοὶλλιττον.</em></strong></span> 
     </span>
    </p>

    <p class='ocr_par' dir='ltr' id='par_1_4' title="bbox 319 2213 1443 2626">
     <span class='ocr_line' id='line_1_15' title="bbox 365 2213 1443 2299; baseline -0.001 -21"><span class='ocrx_word' id='word_1_117' title='bbox 365 2214 467 2299; x_wconf 78' lang='lat' dir='ltr'>Caput</span> <span class='ocrx_word' id='word_1_118' title='bbox 487 2213 581 2295; x_wconf 84' lang='lat' dir='ltr'>XIII,</span> <span class='ocrx_word' id='word_1_119' title='bbox 605 2214 633 2276; x_wconf 90' lang='grc'>6.</span> <span class='ocrx_word' id='word_1_120' title='bbox 657 2214 809 2276; x_wconf 89' lang='lat' dir='ltr'>Amicum</span> <span class='ocrx_word' id='word_1_121' title='bbox 833 2216 1019 2295; x_wconf 85' lang='lat' dir='ltr'>querentem</span> <span class='ocrx_word' id='word_1_122' title='bbox 1044 2213 1082 2276; x_wconf 95' lang='lat' dir='ltr'>de</span> <span class='ocrx_word' id='word_1_123' title='bbox 1104 2214 1237 2295; x_wconf 68' lang='lat' dir='ltr'>itineris</span> <span class='ocrx_word' id='word_1_124' title='bbox 1260 2213 1347 2296; x_wconf 90' lang='lat' dir='ltr'>quod</span> <span class='ocrx_word' id='word_1_125' title='bbox 1370 2232 1443 2297; x_wconf 93' lang='lat' dir='ltr'>per-</span> 
     </span>
     <span class='ocr_line' id='line_1_16' title="bbox 319 2325 1443 2411; baseline 0.001 -22"><span class='ocrx_word' id='word_1_126' title='bbox 319 2327 438 2409; x_wconf 78' lang='lat' dir='ltr'>fecerit,</span> <span class='ocrx_word' id='word_1_127' title='bbox 469 2327 622 2391; x_wconf 89' lang='lat' dir='ltr'>molestiis</span> <span class='ocrx_word' id='word_1_128' title='bbox 656 2325 802 2390; x_wconf 83' lang='lat' dir='ltr'>Socrates</span> <span class='ocrx_word' id='word_1_129' title='bbox 824 2331 923 2410; x_wconf 83' lang='lat' dir='ltr'>rogat,</span> <span class='ocrx_word' id='word_1_130' title='bbox 948 2345 989 2389; x_wconf 89' lang='lat' dir='ltr'>an</span> <span class='ocrx_word' id='word_1_131' title='bbox 1013 2330 1044 2390; x_wconf 92' lang='lat' dir='ltr'>et</span> <span class='ocrx_word' id='word_1_132' title='bbox 1068 2345 1150 2390; x_wconf 90' lang='lat' dir='ltr'>onus</span> <span class='ocrx_word' id='word_1_133' title='bbox 1173 2327 1358 2411; x_wconf 82' lang='lat' dir='ltr'>portaverit.</span> <span class='ocrx_word' id='word_1_134' title='bbox 1380 2325 1443 2390; x_wconf 92' lang='lat' dir='ltr'>Re-</span> 
     </span>
     <span class='ocr_line' id='line_1_17' title="bbox 320 2435 1441 2523; baseline 0 -20"><span class='ocrx_word' id='word_1_135' title='bbox 320 2440 454 2523; x_wconf 85' lang='lat' dir='ltr'>spondet</span> <span class='ocrx_word' id='word_1_136' title='bbox 477 2440 546 2503; x_wconf 91' lang='lat' dir='ltr'>ille:</span> <span class='ocrx_word' id='word_1_137' title='bbox 571 2437 618 2514; x_wconf 71' lang='grc' dir='ltr'>μοὶ</span> <span class='ocrx_word' id='word_1_138' title='bbox 643 2436 703 2501; x_wconf 71' lang='grc' dir='ltr'><strong><em>Δίον</em></strong></span> <span class='ocrx_word' id='word_1_139' title='bbox 725 2439 776 2502; x_wconf 81' lang='grc' dir='ltr'>οὐκ</span> <span class='ocrx_word' id='word_1_140' title='bbox 798 2437 902 2515; x_wconf 64' lang='lat' dir='ltr'>lydos,</span> <span class='ocrx_word' id='word_1_141' title='bbox 922 2436 1006 2500; x_wconf 71' lang='grc' dir='ltr'><strong><em>ἄλλοι</em></strong></span> <span class='ocrx_word' id='word_1_142' title='bbox 1024 2437 1056 2501; x_wconf 84' lang='grc' dir='ltr'>τὸ</span> <span class='ocrx_word' id='word_1_143' title='bbox 1076 2435 1201 2514; x_wconf 74' lang='grc' dir='ltr'><strong><em>ἱμοέτιον.</em></strong></span> <span class='ocrx_word' id='word_1_144' title='bbox 1226 2437 1343 2514; x_wconf 76' lang='lat' dir='ltr'>Quidni</span> <span class='ocrx_word' id='word_1_145' title='bbox 1367 2459 1441 2504; x_wconf 82' lang='lat' dir='ltr'>cum</span> 
     </span>
     <span class='ocr_line' id='line_1_18' title="bbox 320 2547 1039 2626; baseline -0.004 -8"><span class='ocrx_word' id='word_1_146' title='bbox 320 2552 463 2618; x_wconf 87' lang='lat' dir='ltr'>Weishio</span> <span class='ocrx_word' id='word_1_147' title='bbox 487 2551 681 2616; x_wconf 83' lang='lat' dir='ltr'>scribamus:</span> <span class='ocrx_word' id='word_1_148' title='bbox 706 2550 778 2613; x_wconf 69' lang='grc' dir='ltr'>ἀλλ’</span> <span class='ocrx_word' id='word_1_149' title='bbox 801 2547 818 2622; x_wconf 79' lang='grc' dir='ltr'>ἢ</span> <span class='ocrx_word' id='word_1_150' title='bbox 844 2549 877 2613; x_wconf 78' lang='grc' dir='ltr'>τὸ</span> <span class='ocrx_word' id='word_1_151' title='bbox 899 2547 1039 2626; x_wconf 69' lang='lat' dir='ltr'>taetrior?</span> 
     </span>
    </p>

    <p class='ocr_par' dir='ltr' id='par_1_5' title="bbox 318 2661 1442 3636">
     <span class='ocr_line' id='line_1_19' title="bbox 364 2661 1442 2749; baseline 0 -21"><span class='ocrx_word' id='word_1_152' title='bbox 364 2664 466 2749; x_wconf 82' lang='lat' dir='ltr'>Caput</span> <span class='ocrx_word' id='word_1_153' title='bbox 485 2664 576 2747; x_wconf 85' lang='lat' dir='ltr'>XIV,</span> <span class='ocrx_word' id='word_1_154' title='bbox 597 2666 624 2727; x_wconf 89' lang='lat'>1.</span> <span class='ocrx_word' id='word_1_155' title='bbox 647 2662 781 2745; x_wconf 77' lang='lat' dir='ltr'>„Quum</span> <span class='ocrx_word' id='word_1_156' title='bbox 802 2663 842 2727; x_wconf 89' lang='lat' dir='ltr'>ad</span> <span class='ocrx_word' id='word_1_157' title='bbox 862 2662 1015 2727; x_wconf 90' lang='lat' dir='ltr'>coenam&#39;&#39;</span> <span class='ocrx_word' id='word_1_158' title='bbox 1035 2661 1217 2747; x_wconf 90' lang='lat' dir='ltr'>Xenophon</span> <span class='ocrx_word' id='word_1_159' title='bbox 1237 2668 1345 2728; x_wconf 89' lang='lat' dir='ltr'>narrat</span> <span class='ocrx_word' id='word_1_160' title='bbox 1360 2665 1442 2746; x_wconf 84' lang='lat' dir='ltr'>„alii</span> 
     </span>
     <span class='ocr_line' id='line_1_20' title="bbox 319 2775 1440 2861; baseline 0.001 -20"><span class='ocrx_word' id='word_1_161' title='bbox 319 2779 467 2860; x_wconf 78' lang='lat' dir='ltr'>multum,</span> <span class='ocrx_word' id='word_1_162' title='bbox 500 2778 554 2841; x_wconf 90' lang='lat' dir='ltr'>alii</span> <span class='ocrx_word' id='word_1_163' title='bbox 588 2777 757 2861; x_wconf 91' lang='lat' dir='ltr'>paululum</span> <span class='ocrx_word' id='word_1_164' title='bbox 792 2775 917 2840; x_wconf 90' lang='lat' dir='ltr'>obsonii</span> <span class='ocrx_word' id='word_1_165' title='bbox 951 2776 1107 2858; x_wconf 86' lang='lat' dir='ltr'>afferrent,</span> <span class='ocrx_word' id='word_1_166' title='bbox 1142 2776 1286 2842; x_wconf 82' lang='lat' dir='ltr'>Socrates</span> <span class='ocrx_word' id='word_1_167' title='bbox 1310 2797 1440 2843; x_wconf 87' lang='lat' dir='ltr'>servum</span> 
     </span>
     <span class='ocr_line' id='line_1_21' title="bbox 320 2889 1441 2975; baseline -0.002 -18"><span class='ocrx_word' id='word_1_168' title='bbox 320 2911 416 2957; x_wconf 90' lang='lat' dir='ltr'>suum</span> <span class='ocrx_word' id='word_1_169' title='bbox 439 2889 549 2955; x_wconf 89' lang='lat' dir='ltr'>iubere</span> <span class='ocrx_word' id='word_1_170' title='bbox 570 2889 690 2956; x_wconf 87' lang='lat' dir='ltr'>solebat</span> <span class='ocrx_word' id='word_1_171' title='bbox 708 2890 876 2974; x_wconf 87' lang='lat' dir='ltr'>paululum</span> <span class='ocrx_word' id='word_1_172' title='bbox 893 2889 975 2954; x_wconf 92' lang='lat' dir='ltr'>illud</span> <span class='ocrx_word' id='word_1_173' title='bbox 994 2894 1050 2953; x_wconf 92' lang='lat' dir='ltr'>aut</span> <span class='ocrx_word' id='word_1_174' title='bbox 1069 2891 1103 2952; x_wconf 93' lang='lat' dir='ltr'>in</span> <span class='ocrx_word' id='word_1_175' title='bbox 1123 2891 1228 2955; x_wconf 92' lang='lat' dir='ltr'>medio</span> <span class='ocrx_word' id='word_1_176' title='bbox 1246 2910 1372 2975; x_wconf 88' lang='lat' dir='ltr'>ponere,</span> <span class='ocrx_word' id='word_1_177' title='bbox 1385 2895 1441 2955; x_wconf 89' lang='lat' dir='ltr'>aut</span> 
     </span>
     <span class='ocr_line' id='line_1_22' title="bbox 318 3001 1439 3086; baseline 0 -18"><span class='ocrx_word' id='word_1_178' title='bbox 318 3007 402 3069; x_wconf 90' lang='lat' dir='ltr'>inter</span> <span class='ocrx_word' id='word_1_179' title='bbox 425 3006 576 3069; x_wconf 88' lang='lat' dir='ltr'>convivas</span> <span class='ocrx_word' id='word_1_180' title='bbox 600 3002 799 3068; x_wconf 91' lang='lat' dir='ltr'>distribuere.</span> <span class='ocrx_word' id='word_1_181' title='bbox 823 3001 886 3078; x_wconf 81' lang='lat' dir='ltr'>Qui</span> <span class='ocrx_word' id='word_1_182' title='bbox 905 3021 980 3086; x_wconf 84' lang='lat' dir='ltr'>ergo</span> <span class='ocrx_word' id='word_1_183' title='bbox 1002 3004 1141 3067; x_wconf 90' lang='lat' dir='ltr'>multum</span> <span class='ocrx_word' id='word_1_184' title='bbox 1159 3002 1439 3084; x_wconf 73' lang='lat' dir='ltr'>attrderantp&#39;oxd-</span> 
     </span>
     <span class='ocr_line' id='line_1_23' title="bbox 319 3115 1440 3196; baseline 0.001 -16"><span class='ocrx_word' id='word_1_185' title='bbox 319 3141 396 3182; x_wconf 92' lang='grc' dir='ltr'><strong><em>νοντο</em></strong></span> <span class='ocrx_word' id='word_1_186' title='bbox 427 3116 461 3181; x_wconf 83' lang='grc' dir='ltr'>τό</span> <span class='ocrx_word' id='word_1_187' title='bbox 490 3140 524 3180; x_wconf 86' lang='grc' dir='ltr'>τε</span> <span class='ocrx_word' id='word_1_188' title='bbox 554 3115 597 3193; x_wconf 66' lang='grc' dir='ltr'>μὴ</span> <span class='ocrx_word' id='word_1_189' title='bbox 628 3122 766 3180; x_wconf 76' lang='grc' dir='ltr'><strong><em>κοινωνεῖν</em></strong></span> <span class='ocrx_word' id='word_1_190' title='bbox 793 3120 844 3179; x_wconf 82' lang='grc' dir='ltr'>τοῦ</span> <span class='ocrx_word' id='word_1_191' title='bbox 868 3116 907 3188; x_wconf 75' lang='grc' dir='ltr'>εἷς</span> <span class='ocrx_word' id='word_1_192' title='bbox 931 3117 963 3179; x_wconf 81' lang='grc' dir='ltr'>τὸ</span> <span class='ocrx_word' id='word_1_193' title='bbox 986 3116 1073 3179; x_wconf 76' lang='grc' dir='ltr'><strong><em>κοινὸν</em></strong></span> <span class='ocrx_word' id='word_1_194' title='bbox 1096 3115 1242 3193; x_wconf 78' lang='grc' dir='ltr'><strong><em>τιθεμένου</em></strong></span> <span class='ocrx_word' id='word_1_195' title='bbox 1265 3115 1317 3180; x_wconf 74' lang='lat' dir='ltr'>nal</span> <span class='ocrx_word' id='word_1_196' title='bbox 1339 3118 1373 3181; x_wconf 79' lang='grc' dir='ltr'>τὸ</span> <span class='ocrx_word' id='word_1_197' title='bbox 1396 3116 1440 3196; x_wconf 69' lang='grc' dir='ltr'>μὴ</span> 
     </span>
     <span class='ocr_line' id='line_1_24' title="bbox 319 3229 1440 3315; baseline 0.002 -21"><span class='ocrx_word' id='word_1_198' title='bbox 319 3229 490 3295; x_wconf 63' lang='lat' dir='ltr'>coarctabar</span> <span class='ocrx_word' id='word_1_199' title='bbox 520 3230 553 3293; x_wconf 80' lang='lat' dir='ltr'>rb</span> <span class='ocrx_word' id='word_1_200' title='bbox 584 3230 723 3293; x_wconf 80' lang='grc' dir='ltr'><strong><em>ἒοοοτῶν”.</em></strong></span> <span class='ocrx_word' id='word_1_201' title='bbox 757 3230 854 3294; x_wconf 86' lang='lat' dir='ltr'>Haud</span> <span class='ocrx_word' id='word_1_202' title='bbox 887 3230 1006 3312; x_wconf 85' lang='lat' dir='ltr'>dubito,</span> <span class='ocrx_word' id='word_1_203' title='bbox 1038 3232 1114 3313; x_wconf 90' lang='lat' dir='ltr'>quin</span> <span class='ocrx_word' id='word_1_204' title='bbox 1147 3232 1319 3315; x_wconf 86' lang='lat' dir='ltr'>legendum</span> <span class='ocrx_word' id='word_1_205' title='bbox 1343 3234 1386 3297; x_wconf 85' lang='lat' dir='ltr'>sit</span> <span class='ocrx_word' id='word_1_206' title='bbox 1406 3232 1440 3296; x_wconf 82' lang='grc' dir='ltr'>τὸ</span> 
     </span>
     <span class='ocr_line' id='line_1_25' title="bbox 319 3321 1439 3429; baseline 0.002 -21"><span class='ocrx_word' id='word_1_207' title='bbox 319 3350 453 3408; x_wconf 76' lang='grc' dir='ltr'><strong><em>κοινωνεῖν</em></strong></span> <span class='ocrx_word' id='word_1_208' title='bbox 476 3346 583 3407; x_wconf 76' lang='grc' dir='ltr'><strong><em>τετοῦ</em></strong></span> <span class='ocrx_word' id='word_1_209' title='bbox 606 3343 645 3415; x_wconf 80' lang='grc' dir='ltr'>εἷς</span> <span class='ocrx_word' id='word_1_210' title='bbox 668 3366 695 3405; x_wconf 90' lang='grc' dir='ltr'>τ.</span> <span class='ocrx_word' id='word_1_211' title='bbox 710 3366 738 3405; x_wconf 87' lang='grc' dir='ltr'>ιι.</span> <span class='ocrx_word' id='word_1_212' title='bbox 751 3366 779 3405; x_wconf 90' lang='grc' dir='ltr'>τ.</span> <span class='ocrx_word' id='word_1_213' title='bbox 803 3341 855 3406; x_wconf 74' lang='lat' dir='ltr'>aa}</span> <span class='ocrx_word' id='word_1_214' title='bbox 880 3321 923 3420; x_wconf 69' lang='lat' dir='ltr'>pais</span> <span class='ocrx_word' id='word_1_215' title='bbox 946 3341 1117 3406; x_wconf 70' lang='grc' dir='ltr'><strong><em>ἀντιτιθέναι</em></strong></span> <span class='ocrx_word' id='word_1_216' title='bbox 1140 3367 1167 3406; x_wconf 90' lang='grc' dir='ltr'>τ.</span> <span class='ocrx_word' id='word_1_217' title='bbox 1181 3343 1216 3416; x_wconf 62' lang='lat' dir='ltr'>a,</span> <span class='ocrx_word' id='word_1_218' title='bbox 1238 3349 1335 3429; x_wconf 85' lang='lat' dir='ltr'>atque</span> <span class='ocrx_word' id='word_1_219' title='bbox 1354 3345 1439 3409; x_wconf 86' lang='lat' dir='ltr'>idem</span> 
     </span>
     <span class='ocr_line' id='line_1_26' title="bbox 318 3454 1440 3541; baseline 0.002 -21"><span class='ocrx_word' id='word_1_220' title='bbox 318 3458 384 3521; x_wconf 89' lang='lat' dir='ltr'>fere</span> <span class='ocrx_word' id='word_1_221' title='bbox 408 3458 582 3521; x_wconf 90' lang='lat' dir='ltr'>coniecisse</span> <span class='ocrx_word' id='word_1_222' title='bbox 603 3454 817 3538; x_wconf 82' lang='lat' dir='ltr'>„Leisnerum</span> <span class='ocrx_word' id='word_1_223' title='bbox 837 3457 922 3541; x_wconf 90' lang='lat' dir='ltr'>apud</span> <span class='ocrx_word' id='word_1_224' title='bbox 935 3456 1130 3522; x_wconf 83' lang='lat' dir='ltr'>Ernestum&#39;&#39;</span> <span class='ocrx_word' id='word_1_225' title='bbox 1143 3458 1235 3523; x_wconf 88' lang='lat' dir='ltr'>docet</span> <span class='ocrx_word' id='word_1_226' title='bbox 1247 3478 1297 3523; x_wconf 93' lang='lat' dir='ltr'>me</span> <span class='ocrx_word' id='word_1_227' title='bbox 1309 3458 1440 3524; x_wconf 82' lang='lat' dir='ltr'>Schnei-</span> 
     </span>
     <span class='ocr_line' id='line_1_27' title="bbox 320 3571 541 3636; baseline -0.014 0"><span class='ocrx_word' id='word_1_228' title='bbox 320 3572 415 3636; x_wconf 90' lang='lat' dir='ltr'>derus</span> <span class='ocrx_word' id='word_1_229' title='bbox 438 3571 541 3635; x_wconf 88' lang='lat' dir='ltr'>a.h.l.</span> 
     </span>
    </p>
   </div>
   <div class='ocr_carea' id='block_1_3' title="bbox 784 3764 977 3772">
    <p class='ocr_par' dir='ltr' id='par_1_6' title="bbox 784 3764 977 3772">
     <span class='ocr_line' id='line_1_28' title="bbox 784 3764 977 3772; baseline -0.01 0"><span class='ocrx_word' id='word_1_230' title='bbox 784 3764 977 3772; x_wconf 70' lang='lat'><em>...—</em></span> 
     </span>
    </p>
   </div>
   <div class='ocr_carea' id='block_1_4' title="bbox 746 3951 1009 4016">
    <p class='ocr_par' dir='ltr' id='par_1_7' title="bbox 746 3951 1009 4016">
     <span class='ocr_line' id='line_1_29' title="bbox 746 3951 1009 4016; baseline 0 -1"><span class='ocrx_word' id='word_1_231' title='bbox 746 3951 920 4016; x_wconf 85' lang='lat' dir='ltr'>LIBER</span> <span class='ocrx_word' id='word_1_232' title='bbox 953 3951 1009 4015; x_wconf 88' lang='lat' dir='ltr'>IV.</span> 
     </span>
    </p>
   </div>
   <div class='ocr_carea' id='block_1_5' title="bbox 319 4134 1438 4336">
    <p class='ocr_par' dir='ltr' id='par_1_8' title="bbox 319 4134 1438 4336">
     <span class='ocr_line' id='line_1_30' title="bbox 364 4134 1438 4223; baseline 0.004 -25"><span class='ocrx_word' id='word_1_233' title='bbox 364 4134 466 4219; x_wconf 82' lang='lat' dir='ltr'>Caput</span> <span class='ocrx_word' id='word_1_234' title='bbox 488 4135 529 4199; x_wconf 90' lang='lat' dir='ltr'>H.</span> <span class='ocrx_word' id='word_1_235' title='bbox 552 4136 673 4200; x_wconf 90' lang='lat' dir='ltr'>Audito</span> <span class='ocrx_word' id='word_1_236' title='bbox 696 4136 937 4218; x_wconf 79' lang='lat' dir='ltr'>Euthydemum</span> <span class='ocrx_word' id='word_1_237' title='bbox 963 4157 1112 4220; x_wconf 86' lang='lat' dir='ltr'>magnam</span> <span class='ocrx_word' id='word_1_238' title='bbox 1135 4137 1289 4202; x_wconf 90' lang='lat' dir='ltr'>librorum</span> <span class='ocrx_word' id='word_1_239' title='bbox 1312 4139 1438 4223; x_wconf 86' lang='lat' dir='ltr'>copiam</span> 
     </span>
     <span class='ocr_line' id='line_1_31' title="bbox 319 4249 1437 4336; baseline 0.004 -25"><span class='ocrx_word' id='word_1_240' title='bbox 319 4250 484 4333; x_wconf 82' lang='lat' dir='ltr'>collegisse</span> <span class='ocrx_word' id='word_1_241' title='bbox 517 4253 613 4332; x_wconf 88' lang='lat' dir='ltr'>atque</span> <span class='ocrx_word' id='word_1_242' title='bbox 647 4249 718 4314; x_wconf 87' lang='lat' dir='ltr'>ideo</span> <span class='ocrx_word' id='word_1_243' title='bbox 752 4254 865 4333; x_wconf 91' lang='lat' dir='ltr'>putare</span> <span class='ocrx_word' id='word_1_244' title='bbox 896 4249 958 4314; x_wconf 89' lang='lat' dir='ltr'>sibi</span> <span class='ocrx_word' id='word_1_245' title='bbox 989 4251 1140 4334; x_wconf 82' lang='lat' dir='ltr'>magistro</span> <span class='ocrx_word' id='word_1_246' title='bbox 1165 4269 1246 4334; x_wconf 89' lang='lat' dir='ltr'>opus</span> <span class='ocrx_word' id='word_1_247' title='bbox 1269 4270 1334 4315; x_wconf 89' lang='lat' dir='ltr'>non</span> <span class='ocrx_word' id='word_1_248' title='bbox 1358 4270 1437 4336; x_wconf 85' lang='lat' dir='ltr'>esse,</span> 
     </span>
    </p>
   </div>
   <div class='ocr_carea' id='block_1_6' title="bbox 0 0 1680 5254">
    <p class='ocr_par' dir='ltr' id='par_1_9' title="bbox 0 0 1680 5254">
     <span class='ocr_line' id='line_1_32' title="bbox 0 0 1680 5254; baseline 0 0"><span class='ocrx_word' id='word_1_249' title='bbox 0 0 1680 5254; x_wconf 95' lang='lat' dir='ltr'> </span> 
     </span>
    </p>
   </div>
  </div>
 </body>
</html>
