3354 5268
760 645 802 706 69

223 833 281 914 vis,
317 849 414 914 quam
444 827 497 892 κοί
525 828 641 893 habere
670 829 868 893 contendunt
897 831 1104 913 grammatici,
1127 832 1161 894 in
1184 832 1340 897 adiectivo

223 945 283 1007 τῶν
306 945 398 1009 inest.

270 1056 302 1120 O.
324 1056 366 1120 X.
393 1058 419 1120 1.
444 1056 483 1128 εἷς
506 1057 555 1120 τὸν
577 1056 709 1132 οτοοθμὸν
732 1052 807 1119 ἔνθεν
832 1052 969 1137 ὥρμηντο.
996 1056 1111 1123 Verbis
1134 1065 1171 1138 τῇ
1190 1058 1344 1142 τροτερονίμ

224 1173 317 1255 (quae
345 1173 498 1254 leguntur
527 1170 569 1253 Π,
595 1172 623 1252 l,
647 1171 677 1252 3)
700 1170 752 1234 hic
777 1190 905 1254 quoque
928 1189 1021 1255 aegre
1045 1191 1144 1254 careo,
1167 1192 1343 1258 eorumque

224 1287 427 1351 omissionem
462 1284 664 1348 librariorum
699 1284 911 1368 negligentiae
945 1284 1060 1348 tribuo.
1094 1284 1177 1349 Nam
1209 1287 1342 1364 σταθμὸς

224 1396 299 1462 ἔνθεν
334 1394 463 1478 ὥρμηντο
494 1399 637 1482 ineptum
667 1403 723 1479 est,
754 1399 819 1461 nisi
850 1397 993 1481 addatur,
1017 1418 1080 1482 quo
1103 1404 1243 1483 tompore
1267 1401 1342 1465 inde

224 1515 289 1577 sint
310 1513 457 1596 profecti:
479 1516 612 1596 excepta
632 1513 716 1576 enim
736 1510 800 1594 illa,
819 1511 877 1574 ubi
896 1513 1005 1595 copiae
1016 1531 1104 1576 nunc
1115 1532 1189 1576 oum
1202 1514 1341 1577 maxime

224 1633 402 1710 versantur,
426 1645 537 1690 omnes
561 1627 713 1690 stationes
737 1631 813 1689 sunt
835 1623 963 1704 στονθμοὶ
987 1621 1061 1688 ἔνθεν
1085 1621 1222 1706 ὥρμηντο.

662 2204 836 2270 LIBER
869 2207 910 2271 Π.

271 2418 303 2482 0.
337 2418 362 2501 I,
398 2420 437 2481 21
475 2415 491 2491 ἢ
522 2416 559 2510 ὥς
589 2415 719 2494 πολέμου
749 2414 834 2489 ὄντος,
858 2419 927 2499 παρ’
949 2419 1030 2498 ὑμῶν
1053 2419 1221 2496 cinewold
1244 2424 1275 2483 et
1299 2420 1340 2482 23

224 2530 353 2604 σπονδὰς
376 2530 392 2606 ἢ
416 2530 544 2608 πόλεμον
566 2532 752 2609 drama&
772 2531 918 2616 Utroque
937 2533 1007 2596 loco
1021 2531 1158 2597 Oobetus
1170 2533 1340 2617 legendum

225 2666 295 2711 esse
325 2651 433 2710 censet
461 2643 656 2722 camaena:
682 2665 760 2709 num
784 2652 868 2710 recte
891 2645 1019 2726 dubito;
1045 2645 1230 2730 scrupulum
1256 2649 1339 2711 enim

221 2760 334 2840 iniioit,
364 2759 450 2842 quod
480 2757 654 2823 Clearchus
684 2777 709 2821 c.
733 2757 774 2840 H,
799 2759 839 2821 10
865 2758 958 2822 dicit:
983 2761 1098 2838 πότερον
1122 2756 1233 2836 ὥτομεν
1256 2755 1341 2841 ἥνπερ

224 2868 358 2948 ἤλθομεν,
382 2891 513 2955 prorsus
536 2871 646 2935 eadem
669 2871 834 2935 sententia.

268 2985 311 3068 II,
337 2987 377 3049 18
400 2982 551 3062 ἐξεπλάγη
576 2983 606 3047 δὲ
629 2985 667 3055 ὥς
689 2980 760 3046 ἔοικε
781 2982 833 3047 rai
857 2982 1000 3060 βασιλεὺς
1018 2991 1055 3064 τῇ
1075 2983 1171 3064 ἔφοδον
1190 2990 1241 3049 τοῦ
1254 3008 1342 3065 στρο-

224 3097 382 3176 τεύμοτος.
405 3098 563 3182 Equidem
587 3100 644 3162 vix
668 3116 831 3181 concoquo
850 3097 946 3161 verba
966 3095 1003 3168 ὡς
1022 3094 1101 3182 ἔοικε,
1114 3119 1216 3182 quum
1235 3100 1341 3164 statim

227 3219 397 3298 sequetur:
421 3213 436 3275 ε’
443 3210 592 3284 dileco
615 3211 646 3274 δὲ
668 3214 753 3274 τοῦτο
775 3209 835 3274 κτὲ.

268 3327 327 3410 HI,
354 3328 393 3390 10
417 3325 566 3390 Absurde
589 3326 667 3388 mihi
690 3327 773 3389 inter
797 3345 831 3390 se
854 3327 971 3409 opponi
995 3325 1145 3390 videntur
1167 3327 1264 3391 verba
1287 3326 1344 3400 τὰς

225 3439 280 3516 μὲν
315 3437 442 3509 aaronem
476 3435 670 3514 τοιηοῶμενος
704 3443 734 3502 et
764 3437 797 3501 τὸ
828 3436 859 3501 δὲ
891 3436 1064 3515 ττρῶτεομοο
1096 3435 1173 3517 ἔχων
1197 3439 1226 3502 ἐν
1250 3436 1343 3514 τάξει,

225 3573 331 3637 neque
356 3552 449 3616 credo
473 3553 525 3615 hic
547 3551 795 3636 Xenophontem
817 3571 853 3615 ea
876 3553 1028 3616 orationis
1039 3551 1143 3636 figura
1155 3573 1252 3617 usum
1265 3573 1344 3637 esse,

229 3687 322 3750 quam
359 3667 549 3750 „paratoniu
580 3684 637 3749 pro
663 3664 837 3748 hypotaxi'’
861 3665 1020 3749 appellare
1043 3666 1199 3730 solemus:
1225 3668 1342 3730 etenim

228 3782 393 3861 sententia,
428 3800 534 3864 quam,
566 3781 594 3843 si
624 3778 714 3842 locus
744 3780 789 3841 ita
819 3779 1028 3863 explicandus
1053 3784 1144 3862 esset,
1167 3779 1265 3843 verba
1287 3778 1343 3852 τοὶς

228 3893 282 3971 μὲν
306 3891 433 3964 οτονδῶς
456 3890 649 3969 τονητῶμενος
669 3894 856 3976 acciperent,
875 3895 938 3956 iam
951 3895 983 3957 in
998 3895 1222 3958 coniunctione
1234 3891 1343 3972 μέντοι,

230 4027 311 4092 quae
340 4007 507 4092 praecedit,
529 4007 621 4070 inest.
643 4005 920 4070 Verisimillimum
950 4025 1024 4090 ergo
1047 4007 1125 4069 mihi
1150 4006 1283 4089 videtur,
1307 4027 1344 4072 ea
1448 4079 1450 4082 ,

229 4122 326 4186 verba
349 4141 422 4185 cnm
446 4120 600 4204 particula
622 4116 654 4182 δέ
677 4120 771 4200 (inter
788 4119 822 4183 τὸ
842 4125 874 4184 ot
891 4115 1084 4203 οτροὶτεομοο)
1108 4122 1342 4203 agrammatioo

230 4255 299 4301 esse
322 4235 437 4317 addita,
461 4253 524 4318 quo
546 4233 749 4318 perspicuum
772 4231 870 4315 fieret,
894 4252 976 4317 quae
999 4239 1082 4297 esset
1106 4232 1248 4297 Clearohi
1266 4255 1343 4318 pru-

229 4350 338 4414 dentia
360 4355 391 4413 et
413 4350 567 4414 adversus
591 4346 799 4411 barbarorum
822 4347 955 4411 insidias
978 4347 1151 4431 vigilantia.
