3330 5262
736 616 800 678 333

198 821 271 865 rum
303 799 475 884 redarguit,
509 799 634 882 egregie
665 799 699 861 in
730 799 877 881 responsi
907 796 997 860 tauto
1025 797 1203 880 particulae
1233 794 1265 860 δέ
1287 820 1324 872 γε

198 918 371 997 ponuntur.
406 911 470 974 Hic
505 916 610 975 autem
645 910 818 994 Agesilaus
850 929 946 974 suum
977 911 1046 993 ipse
1075 929 1266 993 responsum
1288 911 1324 971 in

200 1026 280 1090 duas
313 1029 418 1109 partes
454 1025 576 1106 dividit,
608 1043 746 1106 quarum
778 1023 908 1087 alteram
931 1022 1020 1086 alteri
1044 1025 1190 1106 opponit:
1216 1024 1324 1085 minus

200 1157 275 1221 ergo
297 1142 382 1202 recte
402 1137 543 1201 secunda
563 1137 721 1200 sententia
739 1137 785 1200 sic
803 1137 916 1219 incipit
934 1133 1002 1206 τοὺς
1014 1132 1046 1197 δέ
1058 1158 1103 1212 με,
1116 1134 1175 1198 ubi
1186 1135 1323 1218 simplex

199 1247 231 1312 δέ
253 1251 355 1334 magis
379 1254 462 1314 esset
486 1255 747 1313 consentaneum.
766 1247 901 1312 Accedit
920 1248 1007 1331 quod
1025 1246 1160 1311 verbum
1180 1241 1324 1318 αὔξοντας

200 1361 325 1425 obiecto
349 1381 456 1426 carere
478 1382 543 1425 non
565 1367 678 1446 potest.
699 1361 858 1445 Equidem
879 1363 979 1444 igitur
991 1363 1037 1424 sic
1049 1360 1185 1424 scribam
1199 1361 1322 1444 potius:

199 1472 266 1544 τοὺς
290 1473 317 1536 δ’
340 1473 394 1550 ἐμὲ
419 1470 572 1548 αὔξοντας.
599 1474 779 1538 Lenissima
802 1493 879 1538 sane
903 1494 941 1538 ea
963 1479 1011 1538 est
1035 1473 1223 1537 emendatio.

244 1586 301 1668 IV,
338 1588 388 1649 12.
423 1587 463 1666 τῷ
493 1584 551 1650 όνπι
582 1586 706 1663 νομίσας
730 1586 910 1671 significare
932 1587 1060 1651 videtur
1082 1585 1324 1668 Tissaphernem

201 1699 241 1762 ad
276 1700 364 1762 illam
400 1702 581 1784 opinionem
617 1701 772 1784 gravibus
807 1700 996 1784 idoneisque
1026 1699 1223 1782 argumentis
1255 1715 1325 1760 esse

201 1812 383 1876 adductum.

245 1925 301 2008 IV,
326 1928 375 1989 13.
398 1927 542 2010 Agesilai
561 1929 685 2010 equites
705 1928 743 1991 ad
764 1929 877 1992 collem
900 1928 1060 2012 quendam
1081 1926 1324 1990 contendebant.

201 2036 281 2102 καπόι
311 2037 408 2117 πόχιρν
431 2039 463 2103 δέ
485 2063 551 2104 τινα
574 2039 626 2104 καὶ
650 2039 673 2105 οἱ
695 2045 746 2104 τοῦ
772 2039 970 2120 Φαρναβάζου
993 2041 1093 2112 ἱππεῖς
1117 2038 1141 2103 οἱ
1161 2037 1224 2118 περὶ
1249 2039 1324 2102 Ῥα-

201 2150 279 2223 riona
301 2149 354 2214 καὶ
377 2158 509 2229 Βαναῖον
532 2152 581 2216 τόν
601 2151 675 2216 νόόον
694 2151 837 2232 ἀδελφόν,
858 2150 938 2224 όνπες
958 2151 1107 2231 παρόμοιοι
1119 2157 1181 2222 τοῖς
1194 2147 1325 2224 Ἕλλασι

201 2264 249 2327 τόν
279 2261 407 2344 οὶριόμόν,
433 2261 557 2336 ἤλαυνον
588 2264 637 2328 καὶ
661 2259 734 2328 οὗτοι
757 2263 806 2329 ἐπὶ
831 2265 879 2328 τόν
902 2265 990 2328 αὐτόν
1013 2267 1114 2327 τοῦτον
1138 2263 1238 2342 λόφον.
1264 2264 1326 2327 Vel

201 2377 303 2459 locus,
335 2376 391 2439 ubi
421 2374 473 2439 καὶ
498 2371 572 2440 οὗτοι
595 2379 736 2462 positum
761 2383 818 2462 est,
842 2398 898 2462 pro
923 2397 960 2441 eo
982 2377 1156 2462 legendum
1179 2395 1250 2440 esse
1272 2373 1325 2439 καὶ

124 2487 126 2491 ’
202 2489 287 2552 αὐτοί
308 2490 511 2554 demonstrat.

245 2602 303 2685 IV,
339 2604 389 2666 15.
423 2603 597 2688 Agesilaus
628 2605 751 2688 equites
783 2604 894 2688 deligit
924 2623 966 2668 ex
996 2605 1044 2686 iis,
1068 2605 1124 2687 qui
1149 2603 1325 2688 plurimum

202 2715 330 2779 valeant
354 2715 479 2798 opibus²
502 2716 558 2779 sed
581 2716 677 2779 edicit
700 2711 779 2787 όσπις
803 2713 961 2795 παρέχοιτο
984 2712 1071 2778 ἵππον
1094 2713 1147 2778 καὶ
1171 2713 1251 2778 ὅπλα
1272 2712 1323 2778 καὶ

202 2826 292 2907 ἄνδρα
314 2825 441 2904 δόκιμον,
465 2825 508 2892 dri
531 2825 648 2897 ἐξέσται
672 2829 752 2908 αὐτῷ
772 2827 814 2905 μό
835 2827 1050 2909 στρατεύεσθαι.
1071 2828 1228 2893 Notabilis
1240 2849 1322 2893 usus

203 2945 251 3004 est
284 2941 432 3005 adiectivi
466 2938 592 3018 δόκιμος,
630 2943 717 3025 quod
750 2942 803 3005 hia
833 2962 965 3026 prorsus
995 2942 1081 3005 idem
1107 2941 1326 3026 significatae

202 3051 457 3131 δεδοκιμασμένος.

246 3167 303 3250 Π,
326 3167 377 3230 26.
401 3166 453 3231 Ab
476 3167 627 3251 Agesilao
650 3170 800 3251 impetrat
817 3167 1024 3250 Tithraustes
1044 3173 1080 3231 ut
1101 3168 1201 3231 donec
1215 3167 1328 3251 Sparta

203 3282 337 3344 nuntius
369 3281 491 3344 venerit
521 3280 600 3362 quid
631 3280 669 3344 de
693 3299 770 3364 pace
794 3300 868 3344 cum
892 3279 979 3364 Rege
1002 3279 1147 3344 facienda
1169 3280 1328 3362 videatur,

202 3413 275 3458 oum
300 3395 444 3458 exercitu
467 3395 501 3457 in
525 3393 725 3457 Pharnabazi
749 3395 865 3478 migret
885 3395 1066 3478 regionem3
1089 3394 1145 3457 sed
1157 3395 1240 3457 hanc
1251 3392 1327 3457 facit

204 3506 417 3569 conditionem
448 3505 635 3588 Agesilaus:
669 3502 721 3577 ἕως
744 3505 781 3568 dcv
804 3505 896 3570 τοίνυν
918 3507 1008 3570 ἐκεῖσε
1032 3504 1196 3586 πορεύωμαι
1218 3505 1266 3577 δός
1290 3512 1327 3586 τῇ

203 3621 326 3698 στρατιᾷ
360 3616 400 3680 πόι
433 3617 592 3690 ἐπιτήδειοι.
629 3618 799 3703 Sequitur:
832 3618 928 3698 ἐκείνῳ
960 3619 1015 3695 μὲν
1047 3617 1082 3690 δὴ
1106 3616 1119 3682 ό
1143 3617 1327 3699 Τιθραύστης

203 3728 304 3793 attam
326 3728 480 3810 πριοόκονπα
502 3728 651 3794 ramora.
672 3731 829 3816 Displicet
848 3729 1017 3812 ε’μφαπιαόν
1036 3732 1124 3796 istud
1144 3731 1248 3811 εἰιείνιρ,
1269 3752 1326 3815 pro

204 3862 267 3925 quo
291 3843 480 3908 adverbium
504 3846 656 3928 temporis
680 3847 715 3927 (e.
739 3865 784 3928 gr.
809 3845 885 3926 τότε)
911 3846 1017 3928 quivis
1042 3850 1214 3929 exspectet.

248 3955 351 4040 Caput
384 3957 423 4040 V,
458 3959 487 4020 2.
523 3956 616 4033 Quae
641 3959 692 4020 bic
723 3962 895 4022 narrantur
924 3959 995 4042 ipsa
1025 3962 1118 4022 nocte
1143 3957 1327 4021 obscuriora

206 4073 296 4149 sunt;
331 4087 437 4153 neque
471 4070 574 4133 solum
609 4075 757 4154 corrupta
788 4075 865 4135 sunt
894 4071 957 4134 ista
988 4067 1153 4148 νομίζοντές
1177 4093 1210 4133 οε
1233 4069 1328 4132 αὐτῶν

203 4179 356 4262 όρχεοόαι,
392 4203 473 4268 quae
508 4205 526 4248 a
559 4185 670 4249 multis
705 4187 769 4248 iam
804 4189 924 4249 tentata
959 4189 1035 4249 sunt
1069 4184 1126 4248 sed
1163 4184 1328 4267 desperata

203 4296 363 4381 videntur,
395 4316 509 4361 verum
540 4298 636 4362 etiam
666 4299 701 4361 in
732 4297 941 4381 sequentibus
973 4296 1146 4362 difficultas
1170 4297 1328 4381 quaedam
