3330 5262
731 649 733 653 v
748 619 810 680 385

220 805 323 889 coepit
352 800 420 879 ἅμα
447 803 502 880 μέν
524 800 616 876 έπλει,
639 799 707 878 θίμα
730 801 761 865 δὲ
785 799 886 866 ποίντα
908 799 963 865 θσα
985 802 1024 874 εἰς
1047 801 1222 882 ναυμαχίαν
1246 826 1338 884 παρε-

220 913 397 995 σκευοίζετο.
500 913 644 986 πολλοίκις
676 914 707 977 δὲ
736 912 788 978 καί
819 912 888 978 θπου
918 913 1021 992 μέλλοι
1044 915 1284 992 ἀριστοποιεῖσθαι
1307 916 1340 979 τὸ

221 1027 393 1110 στροίτευμα
423 1026 439 1102 ή
472 1028 717 1102 δειπνοποιεῖσθαι,
748 1027 938 1106 ἐπανήγαγεν
969 1026 1005 1092 θον
1035 1028 1067 1092 τὸ
1097 1027 1341 1109 reparatricis

221 1150 277 1220 γής
301 1141 381 1207 κατθι
402 1146 502 1206 ταῦτα
525 1141 565 1205 τοὶ
587 1140 689 1222 χωρία.
714 1141 821 1206 Verba
844 1139 1035 1220 ἐπανήγαγεν
1058 1141 1110 1205 κτέ
1134 1162 1231 1207 sensu
1251 1163 1341 1208 cassa

221 1261 313 1336 sunt3
347 1261 431 1321 certe
461 1275 592 1320 sensum
621 1256 759 1320 restituit
790 1255 1004 1320 Schneiderus
1036 1256 1170 1340 legendo
1194 1256 1340 1333 ἐπανῆγεν

220 1367 256 1432 θον
280 1367 329 1433 ε’πί
353 1367 438 1450 κέρως
461 1369 542 1432 κατα
565 1372 665 1432 ταῦτα
687 1368 727 1432 τοὶ
751 1368 855 1449 χωρία,
877 1389 984 1453 neque
1004 1369 1100 1434 dubie
1118 1369 1339 1454 imperfectum

221 1482 367 1559 ε’πανήγεν
391 1502 446 1566 pro
471 1485 586 1546 aoristo
609 1480 800 1560 ἐπανήγαγεν
820 1483 953 1567 legendo
974 1488 1102 1569 turpem
1115 1483 1340 1547 soloecismum

222 1597 360 1662 sustulit.
392 1597 580 1681 Sequuntur
608 1598 702 1662 haec:
727 1596 789 1660 ἐπεὶ
812 1596 838 1660 δ’
863 1596 1041 1678 ἐπιστρέψας
1064 1595 1101 1660 θιν
1124 1595 1176 1661 καί
1199 1594 1341 1677 ἀντιπρῴ-

221 1734 282 1791 ρους
313 1709 509 1784 καταστήσας
540 1709 595 1782 τθις
625 1709 741 1791 τριήρεις
763 1710 824 1775 οὶπο
846 1711 966 1788 σημείου
988 1710 1071 1790 ἀφίει
1094 1710 1280 1789 οίμιλλοῐσθαι
1303 1711 1342 1783 εἷς

224 1823 275 1896 τήν
298 1831 363 1902 γήν,
388 1823 472 1902 μέγα
496 1823 530 1896 δή
554 1823 708 1904 νικητήριον
732 1818 765 1896 ήν
788 1824 821 1888 rb
844 1823 971 1904 πρώτους
994 1823 1042 1887 καί
1062 1821 1133 1904 ὕδωρ
1153 1824 1262 1901 λαβεῖν
1281 1824 1340 1888 κτέ.

221 1937 336 2023 Turpis
366 1940 418 2002 hic
452 1959 581 2024 quoque
604 1939 810 2003 soloecismus
836 1945 899 2003 ost:
924 1936 988 2002 ἐπεί
1003 1987 1032 2001 ..
1049 1987 1078 2003 ..
1103 1936 1158 2002 θον.
1174 1986 1180 2001 .
1195 1987 1226 2001 ..
1251 1937 1342 2019 θφίει,

223 2070 329 2136 noque
353 2052 492 2116 dubitari
510 2056 622 2136 potest,
643 2053 722 2135 quin
734 2051 905 2136 legendum
919 2054 976 2116 sit:
990 2049 1055 2114 ε’πεί
1066 2050 1166 2132 οὶφιεθη
1181 2052 1283 2116 deleto
1295 2048 1340 2114 νίν.

267 2165 309 2248 II,
333 2167 384 2229 29.
398 2165 590 2250 Iphicrates,
614 2165 690 2229 dum
716 2167 749 2229 in
773 2165 836 2229 alto
860 2171 935 2248 erat,
958 2167 1074 2230 milites
1099 2167 1137 2230 de
1156 2167 1249 2230 malis
1270 2186 1343 2251 pro-

223 2281 344 2363 spicere
378 2278 524 2344 iubebat:
560 2277 635 2342 πολὺ
665 2270 711 2341 οὖν
742 2276 829 2341 πλέον
860 2271 933 2341 οὗτοι
965 2278 1108 2359 καθεώρων
1138 2276 1154 2351 ή
1188 2279 1211 2342 οἱ
1235 2279 1268 2342 ἐκ
1292 2281 1343 2343 τοῦ

223 2373 346 2470 ὁμαλοῦ.
370 2391 540 2456 Pueriliter
561 2392 610 2456 his
635 2373 778 2456 additur:
803 2389 861 2472 αφ’
887 2389 1061 2472 ὑψηλοτέρου
1085 2392 1266 2472 καθορῶντες.

267 2505 310 2590 ll,
337 2508 387 2570 32.
419 2505 524 2570 Finita
547 2506 729 2570 narratione
754 2507 792 2569 de
816 2507 953 2590 egregiis
973 2507 1116 2570 consiliis
1139 2505 1341 2589 militaribus,

225 2619 343 2703 quibus
372 2618 546 2703 Iphicrates
577 2621 611 2682 in
634 2619 814 2703 navigando
837 2639 917 2684 usus
945 2624 1001 2701 est,
1023 2621 1130 2705 inepta
1153 2619 1281 2684 additur
1304 2619 1342 2684 de

223 2733 286 2797 illis
315 2734 393 2815 ipsis
424 2732 604 2816 disputatio,
634 2751 708 2814 non,
732 2737 767 2796 ut
792 2734 912 2817 opinor,
936 2754 954 2797 a
975 2732 1199 2818 Xenophonte,
1222 2753 1334 2798 rerum

223 2867 242 2910 a
266 2845 348 2910 male
372 2845 483 2910 sedulo
506 2845 631 2909 lectore.
654 2843 743 2908 Nihil
767 2847 853 2910 enim
876 2865 918 2910 ex
941 2865 977 2910 ea
997 2847 1162 2930 discimus,
1176 2849 1342 2932 quodnon

225 2959 327 3023 multo
357 2959 472 3023 melius
503 2979 545 3023 ex
575 2961 645 3043 ipsa
668 2961 849 3024 narratione
872 2965 1091 3044 cognoscatur,
1115 2966 1146 3025 et
1168 2963 1253 3026 inest
1276 2982 1344 3026 ora-

224 3076 321 3138 tionis
353 3076 466 3138 vitium
494 3074 735 3158 gravissimum:
768 3069 861 3153 εὕρετο
892 3070 968 3145 θπως
982 3121 989 3136 .
1004 3123 1011 3136 .
1025 3122 1054 3137 ..
1083 3075 1162 3152 μήτε
1183 3073 1340 3148 ἀνεπιστή-

225 3210 318 3265 μονας
349 3181 430 3251 εἶναι.
462 3185 537 3250 Non
567 3186 645 3251 adeo
676 3187 783 3250 omnia
806 3205 901 3252 sanae
925 3189 1150 3272 grammaticae
1176 3193 1343 3273 praecepta

226 3323 346 3387 susque
369 3302 473 3386 deque
494 3300 589 3366 habet
610 3301 800 3386 Xenophon,

269 3416 312 3500 H,
347 3419 397 3480 33.
432 3414 601 3497 Corcyram
634 3417 723 3480 venit
756 3415 946 3500 Iphicrates:
982 3417 1045 3481 ε’κεῖ
1075 3417 1106 3482 δὲ
1141 3422 1249 3500 πρῶτον
1286 3418 1341 3497 μὲν

224 3527 353 3602 οὲκοθσιις
376 3527 418 3594 θτι
441 3527 624 3610 προσπλέοιεν
647 3527 718 3593 δέκα
738 3527 852 3610 τριήρεις
872 3528 953 3610 παρθι
974 3529 1129 3603 Διονυσίου,
1150 3531 1343 3608 βοηθήσουσαι

223 3650 284 3716 τοῖς
308 3642 557 3722 Λακεδαιμονίοις,
581 3643 670 3714 αὐτὸς
693 3643 780 3708 ε’λθθιν
802 3642 854 3708 καί
877 3642 1065 3726 σκεψάμενος
1087 3651 1141 3718 τής
1160 3644 1260 3724 χώρας
1280 3643 1340 3709 θθεν

222 3754 289 3830 τοθς
319 3781 352 3821 τε
381 3756 598 3839 προσπλέοντας
629 3757 749 3823 δυνατὸν
772 3751 805 3831 ήν
828 3758 893 3840 θρίου
916 3755 967 3824 καί
991 3758 1057 3831 τοὺς
1081 3757 1280 3837 σημαίνοντας
1305 3759 1344 3832 είς

223 3871 277 3944 τήν
310 3869 393 3936 πθλιν
428 3877 617 3954 καταφανεῖς
651 3866 730 3948 εἶναι,
764 3873 889 3938 ἐνταῦθα
918 3871 1083 3946 κατέστησε
1116 3873 1182 3946 τοὺς
1208 3871 1341 3947 σκοποθς.

225 3987 303 4052 Post
332 3987 413 4052 illud
442 3991 550 4067 πρῶτον
580 3985 635 4065 μέν
664 3989 698 4051 in
721 3992 824 4052 cetera
845 3990 1026 4052 narratione
1048 3994 1212 4073 exspectes
1234 3985 1337 4051 ἔπειτα

226 4099 266 4174 δέ,
298 4101 354 4166 sod
382 4101 501 4166 frustra
523 4103 558 4165 id
578 4101 624 4165 ibi
648 4121 790 4184 quaeras.
814 4100 887 4165 Non
910 4106 1016 4166 tamen
1040 4102 1187 4166 derecta
1211 4101 1344 4166 lectione

167 4217 170 4224 '
224 4217 421 4282 restituenda
447 4216 678 4300 desperandum
704 4220 760 4297 ost,
781 4236 857 4280 nam
880 4220 910 4281 ot
933 4218 966 4280 in
991 4215 1201 4301 sequentibus
1227 4217 1340 4280 vitium

225 4330 479 4416 deprehenditur,
499 4329 585 4414 quod
604 4329 714 4393 eadem
730 4348 824 4414 opera
836 4332 951 4414 corrigi
963 4335 1075 4415 potest.
1087 4329 1220 4415 Legitur
1233 4331 1339 4394 enim:
