3354 5268
904 635 946 698 80

364 821 437 886 liter
465 824 724 886 remuneraturos
755 840 832 886 esse.
862 819 921 886 Ille
942 821 1097 905 promittit
1118 839 1161 904 se,
1186 822 1346 906 quidquid
1369 821 1484 887 Xeno·

366 935 452 1019 phon
487 934 574 1016 velit,
603 934 765 999 iacturum
795 953 872 1018 esse,
897 933 1033 1000 Graecos
1057 935 1195 1020 benigne
1218 937 1345 1020 excipit,
1370 938 1484 1001 vinum

368 1046 424 1111 ubi
447 1045 607 1111 defossum
630 1047 672 1112 sit
696 1050 858 1129 monstrat,
881 1046 1037 1112 militibus
1060 1067 1097 1112 ea
1120 1054 1213 1113 nocte
1236 1051 1351 1126 omnia
1365 1049 1485 1133 quihus

368 1180 448 1244 opus
471 1165 519 1225 est
542 1163 668 1244 0001000
690 1160 825 1245 0100101.
849 1159 1008 1226 Postridie
1030 1160 1210 1246 Xenophon
1232 1183 1305 1227 oum
1325 1164 1484 1247 praefecto

368 1273 407 1336 ad
439 1271 661 1357 Chiriscphum
685 1273 914 1358 proficiscitur:
939 1275 972 1336 in
997 1293 1034 1338 eo
1057 1275 1170 1340 itinere
1193 1281 1224 1340 et
1246 1275 1379 1360 reliquis
1403 1277 1486 1340 mili-

366 1386 452 1450 tibus
475 1387 509 1449 in
533 1389 601 1451 suis
625 1388 713 1470 00010
737 1387 817 1451 1000
839 1405 908 1452 0000
930 1389 1109 1471 cognoscit:
1134 1407 1199 1452 non
1221 1390 1315 1472 enim,
1336 1391 1392 1473 qui
1411 1390 1484 1454 illos

367 1498 558 1581 habitabant,
582 1500 689 1564 minus
712 1499 849 1583 benigne
873 1498 1009 1564 Graecos
1029 1505 1236 1584 exceperant3
1256 1502 1362 1585 ipsum
1374 1500 1485 1565 Xeno-

366 1611 517 1695 phontem
551 1630 625 1675 oum
664 1612 821 1696 praefecto
852 1631 911 1677 suo
943 1618 1197 1696 praetereuntem
1230 1615 1389 1698 cuiusque
1412 1617 1486 1700 pagi

366 1725 489 1790 incolae
506 1725 643 1789 invitant
662 1726 897 1809 prandiumque
915 1727 955 1790 iis
975 1731 1154 1810 apponunt:
1165 1727 1358 1811 praefectum
1371 1728 1486 1793 iubent

368 1836 429 1902 sibi
452 1838 610 1922 quidquid
633 1839 709 1902 velit
732 1858 876 1904 sumere:
902 1841 963 1904 iste
982 1858 1057 1904 vero
1077 1840 1158 1903 nihil
1178 1842 1299 1924 accipit,
1312 1841 1367 1905 sed
1380 1841 1486 1906 sicubi

368 1958 574 2037 cognatorum
598 1973 731 2018 suorum
755 1954 896 2037 aliquem
920 1953 1014 2036 videt,
1039 1972 1112 2017 eum
1135 1954 1174 2017 ad
1201 1973 1235 2018 se
1253 1956 1373 2039 recipit
1393 1954 1485 2040 (Cog-

368 2071 460 2131 00100
488 2072 594 2131 autem
617 2067 689 2131 illos
713 2067 806 2132 credo
830 2074 885 2130 aut
908 2087 927 2130 a
950 2066 1079 2131 Graecis
1102 2073 1210 2151 captos
1232 2087 1311 2150 esse,
1333 2075 1390 2132 aut
1412 2068 1485 2133 ideo

367 2179 560 2264 praefectum
584 2199 638 2245 eos
661 2180 701 2244 ad
725 2199 759 2245 se
780 2181 947 2264 recepisse,
970 2180 1058 2263 quod
1077 2199 1131 2244 eos
1151 2181 1258 2245 mallet
1276 2179 1485 2265 Xenophonti

368 2314 465 2377 quam
499 2295 568 2358 eius
598 2295 726 2378 collegis
751 2296 955 2376 committere,
978 2298 1205 2378 metueretque,
1228 2313 1268 2359 ne
1291 2295 1325 2358 in
1348 2296 1485 2359 aliorum

370 2407 490 2471 ducum
509 2427 623 2472 manus
643 2405 864 2491 peruenirent).
882 2407 1020 2471 Tandem
1041 2406 1317 2492 adChirisophum
1330 2411 1483 2472 veniunt:

370 2539 443 2583 eum
478 2539 607 2603 quoque
637 2540 709 2584 cum
742 2521 898 2584 militibus
928 2522 997 2584 suis
1020 2520 1119 2584 hilare
1142 2522 1363 2585 convivantem
1388 2521 1485 2585 offen·

370 2634 460 2716 dunt,
483 2635 590 2717 pueris
612 2634 774 2698 Armeniis
793 2634 906 2698 vinum
925 2634 1188 2698 ministrantibus.
1208 2634 1258 2698 Ibi
1277 2634 1485 2720 Chiriscphus

370 2751 402 2812 et
434 2746 617 2832 Xenophon
646 2748 842 2832 praefectum
874 2748 912 2812 de
936 2749 1066 2832 regione
1089 2755 1120 2812 et
1142 2749 1255 2813 itinere
1277 2749 1486 2833 interrogant,

369 2863 542 2946 interprete
576 2863 636 2944 001,
672 2863 727 2945 qui
758 2861 886 2925 Persice
916 2859 1042 2925 sciebat
1072 2859 1155 2942 (Quo
1179 2860 1271 2924 modo
1294 2880 1368 2946 ergo
1392 2866 1485 2926 antea

368 2974 549 3059 Xenophon
573 2995 644 3040 cum
665 2975 823 3059 praefecto
843 2975 970 3039 locutus
990 2973 1082 3038 erat?
1102 2974 1155 3037 An
1175 2974 1284 3038 eodem
1304 2974 1408 3056 modo,
1421 2993 1484 3058 quo

369 3086 575 3172 Chirisophus
620 3090 755 3174 eiusque
788 3089 904 3152 milites
940 3108 1013 3152 cam
1046 3089 1154 3171 pueris
1188 3088 1252 3152 illis
1286 3088 1484 3169 1101001101)

369 3201 544 3286 Postquam
574 3203 750 3287 praefectus
776 3203 946 3286 respondit,
968 3201 1150 3285 Xenophon
1172 3201 1261 3264 αὐτὸν
1284 3200 1380 3279 ᾤχετο
1403 3197 1484 3277 ἄγων

370 3315 438 3394 πρὸς
460 3314 526 3386 τοὺς
549 3315 653 3379 ἑαυτοῦ
677 3314 800 3387 οἰκέτας,
825 3316 845 3378 1.
858 3334 883 3378 e.
906 3315 947 3379 ad
970 3334 1097 3399 pagum,
1121 3314 1176 3378 ubi
1194 3320 1434 3398 pernoctaverat
1454 3318 1485 3377 et

370 3428 427 3493 uhi
449 3429 598 3513 praefecti
618 3430 732 3494 domus
752 3435 800 3494 est
819 3430 908 3493 redit.
928 3428 1028 3512 Apud
1047 3447 1120 3492 eum
1133 3427 1356 3511 Xenophontis
1369 3427 1485 3491 milites

371 3543 492 3626 aliquot
526 3543 593 3608 dies
624 3550 797 3625 morantur,
828 3548 937 3606 octavo
969 3542 1020 3607 die
1043 3561 1077 3606 se
1100 3543 1176 3605 dant
1198 3542 1232 3604 in
1256 3542 1350 3605 viam.
1372 3540 1485 3625 Neque

370 3655 569 3720 obhviscitnr
602 3655 781 3741 Xenophon
813 3676 922 3721 eorum
954 3675 1036 3740 quae
1059 3657 1220 3740 promisit:
1246 3656 1375 3720 domum
1399 3656 1482 3720 enim

372 3769 504 3853 hospitis
539 3771 590 3833 sui
619 3770 728 3853 implet
759 3790 856 3854 quam
880 3771 1019 3834 maxima
1040 3775 1143 3854 potest
1167 3774 1361 3833 commeatus
1385 3771 1484 3854 copia.

371 3881 437 3946 Iter
458 3889 562 3947 001010
585 3883 708 3947 faciunt
730 3884 841 3948 eodem
859 3885 914 3948 illo
932 3882 1097 3968 praefecto,
1116 3883 1239 3966 hospite
1251 3880 1484 3966 Xenophontis,

373 3996 470 4062 duce:
502 4016 575 4060 eum
607 3995 822 4081 Chirisophus‚
845 3998 954 4078 iratus,
978 3997 1063 4081 quod
1086 4017 1151 4061 non
1175 3997 1214 4060 ad
1237 4017 1335 4081 pagos
1357 3996 1483 4081 aliquos

371 4111 546 4174 exercitum
569 4110 673 4192 ducat,
695 4110 847 4193 verberat,
868 4112 989 4174 vincire
1012 4117 1118 4175 tamen
1140 4110 1286 4195 negligit:
1311 4111 1379 4174 dux
1405 4129 1481 4193 ergo

372 4227 464 4286 nocte
496 4222 629 4307 aufugit,
658 4222 724 4286 filio
754 4243 822 4306 suo,
853 4242 949 4307 quem
977 4222 1159 4308 Xenophon
1182 4223 1353 4307 Epistheni
1376 4227 1483 4288 custo-

373 4335 525 4402 diendum
542 4337 886 4416 11011101011101011010
905 4337 1142 4421 (tractatarum
1155 4339 1202 4404 sic
1213 4338 1298 4403 enim
1310 4337 1483 4423 legendum
