3352 5260
750 607 811 669 193

207 816 282 880 ergo
312 796 488 859 sententiae
520 798 712 857 structuram
745 792 1035 876 pessumdederunt
1060 793 1231 856 inserendo
1256 812 1330 856 con·

206 909 404 974 iunctionem
428 905 485 969 καί.

250 1022 296 1086 Ib.
321 1021 435 1086 Statim
456 1021 603 1104 sequitur
622 1015 672 1082 καί
692 1017 715 1080 εἰ
735 1015 805 1098 ὕδωρ
825 1018 894 1099 παρ’
908 1019 979 1095 ἐμοῦ
992 1017 1121 1082 αἰτοῦντί
1130 1042 1173 1082 σοι
1185 1019 1273 1090 αὐπδς
1287 1017 1331 1096 μὴ

207 1132 285 1214 ἔχων
317 1133 427 1198 ίιλνιοπε
456 1130 507 1197 καί
539 1130 586 1195 ε’πί
616 1135 699 1195 τοῦτο
730 1129 845 1209 ἤγαγον
876 1131 936 1195 κτὲ.
968 1130 1106 1197 Dativns
1139 1131 1269 1196 αἰτοῦντί
1288 1155 1331 1196 σοι

208 1269 273 1332 qua
302 1249 424 1313 ratione
456 1246 666 1331 explicandus
698 1247 740 1311 sit
771 1247 887 1310 nescio.
918 1246 973 1310 An
998 1248 1125 1330 scripsit
1147 1245 1331 1330 Xenophon

207 1359 347 1424 αἰτοῦντά
371 1361 425 1426 oe?

254 1475 356 1559 Caput
388 1473 446 1557 111,
479 1475 507 1536 2.
543 1472 753 1555 „Monstrabo
784 1469 863 1536 tibi”
895 1473 1041 1537 Socrates
1065 1475 1109 1538 ait
1135 1522 1150 1555 „
1163 1475 1242 1538 alios
1266 1479 1332 1538 tam

208 1590 407 1672 negligentes
438 1606 516 1667 esse,
548 1591 585 1650 ut
613 1606 713 1670 quum
738 1587 922 1650 divitiarum
948 1586 1219 1670 supellectilisque
1243 1589 1331 1650 omni

206 1721 323 1788 genere
346 1701 488 1783 affluant,
511 1706 618 1765 tamen
644 1720 685 1764 ex
708 1701 773 1765 illis
795 1700 893 1764 rebus
912 1693 1040 1764 nullum
1059 1700 1333 1784 percipiantfruc-

207 1821 287 1899 tum,
311 1817 396 1899 quia,
420 1816 447 1878 si
471 1814 601 1898 quando
622 1815 663 1877 iis
687 1833 767 1896 opus
791 1818 847 1896 est,
870 1813 924 1877 ubi
948 1792 1070 1897 positae
1094 1815 1159 1877 sint
1178 1815 1333 1896 nesciant,

207 1929 274 1998 τοὺς
298 1926 330 1990 δὲ
353 1926 431 1990 οὐδὲν
454 1924 542 1989 πλέον
565 1923 650 1989 ἄλλα
673 1923 722 1989 καί
746 1924 848 2002 μείονα
870 1923 978 1988 τούτων
998 1923 1193 2002 κεκτημένους
1206 1923 1333 2005 ἔχοντας

208 2039 288 2112 εὐθὺς
319 2037 433 2118 ἕτοιμα,
465 2037 536 2102 ὅταν
561 2032 597 2100 ὦν
620 2035 656 2102 ίιν
678 2035 797 2102 δέωνται
819 2039 955 2118 χρῆσθαι.
983 2037 1140 2123 Corrupto
1162 2041 1239 2103 haec
1263 2059 1333 2105 esse

209 2155 316 2238 quivis
341 2155 445 2217 sentit.
469 2151 656 2216 Dindorfius
681 2151 874 2215 vocabulum
899 2148 968 2214 ὅταν
987 2153 1128 2235 inclusit,
1149 2153 1204 2243 sed
1224 2172 1265 2217 ne
1286 2155 1333 2217 sic

209 2268 339 2353 quidem
375 2267 454 2330 mihi
485 2265 582 2330 verba
611 2265 845 2349 Xenophonteo
877 2267 1024 2329 restituta
1054 2267 1221 2330 videntur:
1249 2267 1333 2330 male

209 2385 295 2448 enim
318 2381 506 2446 abverbium
531 2377 622 2452 εὐθύς,
648 2381 735 2470 quod
759 2381 798 2443 ad
820 2379 948 2459 χρῆσθαι
972 2382 1118 2464 pertinet,
1143 2382 1334 2444 cumadiec-

210 2499 277 2560 tivo
296 2493 400 2571 ἕτοιμα
418 2497 573 2579 iungitur,
593 2499 625 2558 et
643 2495 739 2557 nimis
756 2495 834 2557 laxo
855 2494 985 2557 vinculo
1002 2494 1163 2558 abeodem
1178 2496 1334 2559 adiectivo

209 2609 389 2673 infinitivus
419 2608 545 2688 χρῆσθαι
576 2608 701 2691 pendet.
731 2606 781 2670 Ne
813 2607 868 2671 diu
900 2607 1050 2671 lectorem
1073 2613 1213 2671 teneam:
1239 2609 1332 2672 credo

209 2722 457 2806 Xenophontem
489 2721 671 2804 scripsisse:
704 2718 770 2790 τοὺς
801 2717 833 2782 δὲ
856 2718 936 2782 οὐδὲν
959 2717 1047 2783 πλέον
1070 2718 1154 2782 νίλλνὶ
1176 2717 1228 2783 καί
1253 2725 1335 2797 μεῖον

206 2832 401 2911 κεκτημένους
437 2830 564 2912 ἔχοντας
592 2831 673 2904 εὐθὺς
703 2826 740 2894 ὧν
771 2829 808 2894 ίιν
838 2829 958 2895 δέωνται
989 2832 1132 2912 χρῆσθαι
1157 2852 1223 2896 non
1248 2834 1334 2896 enim

208 2943 315 3012 solum
338 2945 407 3010 ὅταν
430 2948 602 3012 sedetiam
626 2942 732 3022 ἕτοιμα
756 2946 975 3029 interpolatori
998 2944 1106 3010 deberi
1129 2965 1253 3028 censeo,
1275 2947 1330 3029 qui

210 3063 385 3126 sententiae
419 3065 614 3126 structuram
636 3079 702 3123 non
725 3061 923 3144 perspiceret.
949 3058 1030 3123 Cum
1053 3065 1213 3123 structura
1238 3080 1256 3123 a
1280 3079 1330 3124 me

207 3177 355 3240 restituta
377 3175 414 3239 cf.
439 3173 530 3256 Vm,
557 3174 597 3237 10
618 3171 661 3250 pia
686 3173 802 3252 νἰπορεῖν
824 3172 961 3252 χρῆσθαι,
987 3173 1073 3257 quod
1096 3174 1183 3237 idem
1206 3177 1254 3237 est
1276 3193 1330 3237 ao:

209 3289 292 3362 εὐθὺς
316 3287 395 3369 ἔχειν
420 3289 556 3369 χρῆσθαι.

253 3404 312 3488 ΠΙ,
347 3405 375 3468 5.
410 3401 444 3477 ἣν
479 3399 510 3466 δὲ
548 3399 731 3488 (ἐπιδεικνύω
766 3400 828 3486 σοι)
864 3398 916 3464 καί
948 3400 1170 3481 παραπλησίους
1193 3400 1335 3482 γεωργίαις

209 3520 421 3596 γεωργοῦντας,
444 3514 510 3587 τοὺς
534 3514 608 3592 μὲν.
624 3562 631 3577 .
646 3561 652 3575 .
668 3562 675 3577 .
697 3513 764 3586 τοὺς
784 3512 835 3577 δὲ.
851 3561 858 3576 .
873 3561 880 3576 .
896 3561 903 3576 .
927 3513 1012 3590 Quid
1030 3520 1134 3599 potest
1153 3515 1333 3599 significare

208 3629 431 3711 παραπλησίους
466 3628 608 3707 γεωργίας
643 3635 781 3709 γεωργεῖν
819 3629 882 3692 nisi
916 3629 992 3693 hoo:
1027 3631 1061 3693 in
1093 3648 1169 3714 agro
1200 3630 1332 3693 colendo

210 3745 320 3810 eadem
355 3744 406 3808 vel
441 3744 539 3807 simili
573 3743 702 3807 fortuna
733 3743 806 3806 uti?
837 3742 876 3806 Id
899 3748 1006 3806 autem
1029 3742 1069 3806 ab
1093 3743 1152 3806 hac
1176 3743 1332 3807 sententia

210 3878 307 3941 quam
332 3857 564 3920 alienissimum
589 3861 652 3920 est:
679 3857 784 3940 agitur
808 3857 894 3920 enim
918 3855 956 3918 de
978 3854 1172 3938 hominibus
1193 3875 1331 3938 quorum

210 3971 264 4035 alii
287 3972 327 4035 ad
350 3971 487 4052 divitias,
507 3971 559 4034 alii
580 3970 620 4033 ad
639 3974 812 4053 egestatem
832 3988 874 4032 ex
894 3988 970 4052 agro
990 3969 1121 4033 colendo
1135 3971 1333 4052 perveniunt.

210 4083 296 4160 Quid
319 4103 394 4167 ergo
415 4103 473 4168 pro
494 4081 637 4161 γεωργίας
660 4087 707 4146 est
725 4081 924 4165 legendum?
944 4079 1049 4160 ἀγρούς
1069 4088 1106 4145 ut
1125 4084 1245 4165 opinor,
1256 4103 1332 4145 nam

209 4199 348 4262 otiosum
380 4202 427 4261 est
449 4215 601 4281 quaerere
624 4196 664 4260 de
687 4215 793 4278 causa,
817 4194 856 4258 ob
882 4214 979 4278 quam
1003 4199 1068 4258 tam
1093 4192 1239 4260 diuersus
1262 4196 1335 4260 illo-

207 4330 281 4375 rum
310 4311 478 4373 hominum
509 4311 543 4372 in
570 4310 765 4394 agricultura
789 4310 830 4373 sit
854 4327 1032 4392 successus
1057 4315 1229 4393 antequam
1253 4311 1330 4373 scia-

1200 4419 1234 4472 13
