3352 5260
825 646 886 708 187

293 829 476 893 coniectura
507 832 571 892 est:
602 848 681 892 num
713 833 819 892 tamen
842 848 918 893 vero
941 832 991 910 sit,
1015 850 1210 913 quamquem
1235 833 1313 895 mihi
1336 851 1414 897 sone

293 943 418 1025 egregie
438 940 550 1025 placet,
569 941 686 1024 aliquis
707 943 809 1024 possit
832 941 985 1007 dubitare.
1010 941 1071 1008 Sed
1096 945 1178 1027 quis,
1202 963 1330 1028 quaeso,
1354 945 1413 1009 du·

294 1053 417 1136 bitobit,
441 1055 520 1136 quin
543 1054 583 1117 sd
605 1052 853 1137 Xenophontem
877 1062 1021 1139 spectent
1042 1057 1120 1121 haec
1139 1076 1180 1121 ex
1202 1056 1412 1123 Oeconomico

295 1165 401 1248 verba,
431 1185 513 1250 quae
542 1164 717 1230 Platonicis
746 1167 811 1231 illis
841 1172 918 1231 sunt
949 1169 1127 1233 simillime:
1161 1170 1222 1241 ,,οὒ
1246 1168 1415 1247 μέντοιμὰ

296 1275 365 1350 Δία,
388 1275 474 1342 τοῦτό
494 1301 532 1354 ys
557 1276 609 1364 (τὸ
631 1277 781 1358 ἀνθρώπων
801 1275 922 1364 ἄρχειν)
945 1276 986 1342 ἔτι
1006 1280 1064 1356 ἐγὼ
1083 1279 1171 1358 λέγω,
1194 1279 1291 1344 ὢδντω
1310 1283 1416 1359 μαθεῖν

294 1383 374 1463 εἶναι,
404 1388 467 1454 οὐδὲ
496 1385 583 1463 ἅπαξ
612 1388 792 1463 ἀκούσαντα,
823 1389 906 1454 ἀλλὰ
935 1389 988 1455 καὶ
1015 1391 1149 1456 παιδείων
1171 1392 1231 1456 δεῖν
1253 1391 1338 1474 Φημὶ
1362 1391 1415 1456 καὶ

294 1500 383 1584 φύσιν
401 1500 517 1580 ἀγαθὴν
540 1497 666 1582 ὑπάρξαι
688 1499 740 1565 καὶ
763 1502 796 1566 τὸ
818 1500 960 1590 μέγιστον
983 1500 1019 1575 δὴ
1043 1504 1111 1567 θεῖον
1134 1502 1311 1582 γενέσθαι”ῗ
1336 1503 1416 1580 Quis

295 1618 379 1681 enim
411 1615 625 1700 Xenophonte
654 1616 771 1680 melius
797 1615 981 1682 hominibus
1003 1618 1168 1701 imperare,
1190 1618 1224 1681 id
1245 1623 1294 1682 est
1314 1618 1417 1682 homi-

295 1749 353 1794 nes
383 1729 446 1793 sibi
475 1729 645 1811 devincire,
674 1733 805 1812 poterat,
836 1730 910 1812 quis
942 1748 1087 1812 unquam
1116 1731 1215 1795 huius
1246 1732 1322 1794 artis
1349 1736 1415 1795 tam

295 1842 492 1927 praeclarum
517 1841 647 1906 dederat
666 1841 921 1905 documentum?
942 1840 1114 1926 Quumque
1132 1844 1167 1906 in
1186 1863 1252 1906 uns
1270 1843 1326 1906 illa
1345 1862 1417 1907 son·

295 1958 394 2020 tentio
428 1960 515 2020 totus
548 1955 613 2019 fere
648 1953 881 2019 Oeconomicus
913 1956 999 2038 insit,
1035 1975 1136 2040 eaque
1166 1961 1232 2020 tam
1263 1958 1414 2021 eximiam

296 2067 413 2132 officiat
442 2069 513 2132 eius
541 2069 783 2152 perorationem,
811 2067 884 2150 quis
908 2066 1036 2134 credero
1058 2071 1160 2152 possit
1180 2069 1273 2132 illum
1297 2069 1416 2132 librum

297 2188 355 2246 eut
384 2179 646 2246 Memorabitibus
676 2201 695 2244 a
723 2179 937 2264 Xenophonte
967 2199 1037 2245 osse
1066 2182 1209 2245 additum
1241 2186 1306 2262 aut,
1330 2182 1418 2265 quod

297 2296 391 2360 etiam
427 2293 600 2358 absurdius
634 2298 691 2376 est,
722 2291 924 2376 Convivium,
955 2295 1049 2357 cuius
1079 2301 1144 2357 tam
1175 2293 1338 2358 diversum
1369 2298 1419 2358 est

299 2407 479 2490 consilium,
502 2407 532 2471 ei
553 2411 715 2490 tamquam
740 2425 882 2490 pannum
907 2425 926 2469 a
949 2407 1102 2490 scriptore
1124 2410 1269 2470 assutum
1292 2405 1385 2470 esse?
