3354 5268
882 598 901 658 8

328 803 397 848 rem
427 787 611 867 propagant,
642 787 697 845 aut
728 781 870 865 neglecte
893 786 950 844 aut
973 781 1088 843 reiecta
1110 778 1248 842 Nicolaii
1271 779 1310 843 de
1334 779 1394 842 hac
1416 798 1451 842 re

330 897 501 960 sententia:
538 895 614 959 facit
647 895 716 977 hoo,
747 900 783 958 ut
814 894 1029 958 recentiorum
1058 911 1162 956 unum
1186 893 1359 973 nominem,
1381 891 1451 955 Ro-

332 1009 541 1092 quettius,
563 1009 598 1070 in
622 1008 806 1071 doctissima
830 1006 1043 1089 disputatione
1066 1006 1105 1069 de
1123 1005 1347 1088 Xenophontis
1368 1006 1448 1082 vita;

331 1140 405 1183 nam
440 1139 482 1184 ex
509 1126 654 1184 veterum
684 1120 918 1203 philologorum
950 1118 1041 1182 libris
1064 1116 1211 1200 exempla
1235 1117 1347 1181 effeme
1370 1117 1452 1180 nihil

331 1235 457 1296 attinet:
493 1237 599 1297 tamen
635 1233 711 1296 satis
741 1251 834 1314 saepe
864 1231 948 1314 apud
981 1250 1036 1295 eos
1059 1230 1143 1294 idem
1168 1230 1282 1294 vitium
1304 1231 1450 1313 reperies.

331 1347 365 1411 Si
395 1365 469 1410 vero
492 1352 577 1412 recte
599 1346 729 1410 Seuthis
753 1347 873 1410 dictum
898 1346 1065 1428 acceperis,
1089 1343 1135 1407 nil
1158 1345 1264 1408 inesse
1288 1343 1452 1425 concedes,

332 1461 417 1545 quod
440 1467 567 1525 nostrae
590 1462 766 1525 sententIae
789 1464 954 1543 repugnet
977 1457 1122 1522 Primum
1142 1458 1189 1520 nil
1207 1456 1300 1521 nobis
1312 1457 1452 1520 innotuit

331 1573 370 1638 de
398 1573 523 1657 legibus
546 1579 578 1637 et
600 1574 756 1637 institutis
780 1571 899 1657 quibus
922 1577 1044 1636 veteres
1067 1571 1201 1634 Thraces
1223 1571 1258 1632 in
1281 1569 1451 1632 connubiis

330 1687 554 1750 contrahendis
589 1688 640 1750 usi
670 1691 755 1750 sunt.
788 1684 872 1761 uuio
904 1703 978 1769 ergo
1010 1684 1122 1765 obstat,
1146 1683 1319 1766 quominus
1341 1687 1372 1745 et
1395 1681 1452 1763 illi,

332 1799 419 1882 quod
454 1817 559 1882 neque
590 1797 674 1881 apud
706 1799 785 1862 alias
816 1800 960 1861 nationes
991 1796 1173 1861 inauditum
1203 1796 1346 1875 ostiam
1369 1793 1452 1857 filias

332 1931 390 1977 sex
425 1915 586 1995 septemve
619 1932 777 1976 annorum
814 1911 1054 1996 desponderent,
1088 1910 1140 1973 vel
1173 1927 1226 1973 eas
1256 1909 1296 1972 ad
1327 1908 1452 1972 futuras

331 2025 460 2107 nuptias
482 2045 501 2088 a
523 2024 709 2108 parentibus
728 2024 779 2088 vel
798 2024 958 2090 tutoribus
971 2023 1135 2087 emerent?
1148 2023 1257 2105 Atque
1268 2021 1453 2085 huiusmodi

332 2136 454 2220 aliquid
483 2137 517 2199 in
548 2137 653 2200 animo
676 2136 834 2200 Thracum
857 2155 965 2220 regem
988 2135 1147 2217 habuisse,
1171 2135 1289 2197 indicio
1314 2133 1452 2218 quodam

331 2248 460 2332 probari
494 2250 615 2332 opinor,
650 2250 738 2332 quod
772 2249 874 2333 primo
906 2248 1034 2333 quidem
1070 2253 1201 2331 aspectu
1225 2247 1305 2330 leve,
1328 2246 1393 2330 sed,
1417 2251 1454 2310 ut

332 2362 411 2424 mihi
442 2361 554 2425 saltem
584 2362 769 2444 persuadeo,
793 2381 857 2427 non
879 2381 1011 2445 prorsus
1035 2361 1304 2425 contemnendum
1329 2365 1392 2440 est3
1416 2361 1451 2422 in

332 2473 391 2536 hac
413 2474 498 2537 enim
521 2475 774 2538 testimoniorum
796 2475 1053 2558 iudiciorumque
1071 2476 1180 2558 inopia
1192 2475 1246 2558 nil,
1259 2475 1361 2556 crede,
1373 2481 1452 2538 tam-

332 2604 429 2669 quam
451 2587 548 2648 nimis
571 2590 668 2650 tenue
691 2593 723 2650 et
746 2587 809 2650 vile
832 2586 1045 2650 obiiciendum
1071 2588 1139 2668 erit,
1157 2588 1346 2670 priusquam
1366 2587 1452 2650 vide·

331 2699 432 2760 rimus
456 2699 484 2762 si
505 2696 585 2762 forte
609 2699 747 2783 aliquem
772 2699 824 2763 rel
847 2701 1016 2763 minimum
1036 2699 1178 2763 fructum
1198 2700 1273 2763 iude
1292 2701 1452 2783 percipere

330 2811 499 2893 possimus.
523 2809 649 2901 Etenim
674 2807 780 2882 εἴτις
803 2833 845 2874 σοι
868 2807 930 2873 ἔστι
952 2808 1080 2890 θυγάτηρ
1099 2829 1158 2876 rex
1177 2813 1237 2874 ait:
1259 2813 1451 2894 quisautem

331 2925 376 2986 ita
399 2923 438 2988 de
458 2922 560 2986 nubili
580 2922 645 2987 filia
667 2924 835 3007 loquitur?
855 2923 943 2987 Num
962 2943 1137 3007 pronomen
1149 2922 1352 2988 indefinitum
1364 2923 1451 2987 addi-

333 3037 430 3100 disset
464 3036 607 3119 SeutheS,
641 3039 704 3101 nisi
739 3041 795 3101 aut
825 3040 995 3122 cogitasset
1026 3038 1065 3101 de
1095 3057 1194 3120 parva
1217 3036 1291 3119 filia,
1313 3041 1369 3101 aut
1391 3037 1452 3101 hoc

333 3149 438 3212 dicere
470 3150 640 3214 voluisset:
676 3149 710 3214 Si
743 3151 824 3214 forte
855 3152 1013 3234 virginem
1045 3150 1209 3231 (nubilem)
1240 3152 1274 3213 in
1296 3155 1452 3234 potestate

334 3261 440 3345 habes,
463 3263 515 3326 cui
539 3264 582 3326 sis
605 3283 662 3346 pro
685 3264 798 3346 patro?
821 3264 945 3326 Auctor
968 3283 1041 3326 sum
1066 3268 1101 3326 ut
1118 3282 1185 3326 rem
1202 3266 1246 3327 ita
1259 3269 1364 3327 tecum
1376 3283 1452 3326 oon-

335 3376 470 3439 sideros:
496 3377 523 3439 si
545 3369 603 3438 tibi
626 3377 676 3438 vir
698 3376 828 3458 quidam
852 3381 953 3439 aetate
971 3377 1150 3459 provectior
1161 3376 1381 3441 admonendus
1394 3383 1452 3460 est,

335 3495 371 3553 ut
404 3490 501 3553 alium
538 3489 697 3572 quendam
733 3509 830 3573 quam
865 3491 1005 3572 primum
1040 3491 1200 3553 artissimo
1230 3490 1359 3554 vinculo
1390 3490 1452 3554 sibi

334 3603 519 3686 obstringat,
552 3606 663 3666 utrum
697 3602 889 3668 admonendi
921 3603 1049 3668 initium
1079 3601 1223 3666 facturus
1254 3621 1287 3666 es
1310 3604 1451 3686 rogando

333 3711 393 3778 ἔστι
417 3736 459 3777 σοι
483 3711 610 3793 θυγάτηρ
634 3735 674 3777 an
698 3711 759 3777 ἔστι
783 3737 824 3778 σοι
847 3712 975 3795 θυγάτηρ
997 3717 1065 3786 alc?
1087 3714 1172 3778 Illud
1197 3717 1317 3799 opinor.

378 3827 440 3891 Sed
462 3826 511 3890 fac
534 3828 705 3891 menimis
730 3826 855 3892 exiliter
878 3828 919 3892 ad
938 3827 1077 3892 calculos
1100 3846 1213 3891 vocare
1232 3829 1354 3891 omnia:
1378 3831 1451 3912 quis

334 3940 463 4024 negabit
482 3939 582 4004 multa
604 3942 728 4004 esseio
751 3940 894 4004 Anabasi
918 3960 955 4004 eo
978 3945 1106 4004 tantum
1129 3940 1261 4005 oonsilio
1283 3942 1395 4024 posita,
1413 3945 1451 4005 ut

334 4055 495 4138 scriptoris
516 4054 746 4118 commilitones
769 4053 844 4117 facti
868 4055 1035 4118 cuiusdam
1055 4072 1112 4137 per
1132 4072 1166 4118 se
1177 4053 1332 4118 levissimi
1344 4055 1451 4118 admo-

335 4170 497 4248 nerentur,
526 4166 578 4229 vel
608 4167 684 4229 dicti
712 4166 808 4250 lepidi
831 4173 862 4231 et
880 4167 974 4230 faceti
996 4167 1149 4232 memoria
1172 4166 1449 4260 crhilararentur?

336 4277 422 4358 Quid
452 4279 538 4345 eninr
569 4280 665 4345 ceteri
693 4278 826 4346 lectores
856 4279 964 4344 virum
987 4278 1079 4344 illum
1101 4284 1223 4364 curant,
1246 4280 1303 4365 qui
1326 4278 1448 4366 lepores
