3348 5262
840 624 904 688 222

309 825 379 872 esee
407 808 633 887 commissum
657 826 739 891 quae
764 809 848 872 enim
874 808 961 892 apud
982 807 1231 892 Xenophontem
1254 808 1435 876 Pausaniae

307 919 503 1004 tribuuntur,
525 920 610 1004 apud
634 920 800 986 Platonem
822 921 979 1006 leguntur
1000 923 1034 985 in
1059 922 1197 987 Phaedri
1217 925 1433 988 orationaAu

308 1034 389 1098 forte
412 1035 559 1100 consulto
583 1054 700 1099 nomen
725 1038 862 1100 mutavit
884 1035 1091 1120 Xenophon?
1111 1036 1157 1100 Ut
1167 1041 1252 1101 recte
1264 1037 1434 1121 intelligas

308 1148 467 1231 planeque
487 1150 669 1232 perspicias,
693 1150 733 1213 ad
758 1155 893 1233 quantas
914 1151 956 1214 sit
975 1149 1227 1234 confugiendum
1247 1151 1383 1234 ineptias
1396 1152 1434 1227 ei,

310 1261 366 1344 qui
387 1260 552 1325 Platonico
576 1260 731 1326 convivio
749 1261 1021 1346 Xenophonteum
1043 1264 1224 1347 oppositum
1244 1262 1345 1328 fuisse
1365 1282 1434 1328 ore-

309 1373 363 1456 dit,
387 1374 464 1439 audi
485 1375 563 1439 haec
582 1373 726 1439 Gomarii
746 1374 851 1456 verba,
865 1395 961 1458 quem
981 1377 1061 1440 olim
1074 1376 1292 1460 sequebantur
1304 1395 1432 1442 omnes:

310 1485 425 1569 „Quod
448 1493 556 1553 autem
578 1507 644 1552 non
667 1489 750 1552 hano
773 1488 953 1554 Pausaniae
976 1489 1158 1573 opinionem
1179 1508 1216 1554 eo
1236 1489 1305 1552 loco
1325 1508 1435 1574 repro-

307 1598 383 1665 bare
405 1599 551 1684 voluerit,
569 1602 664 1665 ouius
685 1601 840 1685 scriptum
860 1603 954 1666 etiam
976 1601 1135 1667 Athenaei
1146 1603 1273 1667 saeculo
1284 1603 1432 1686 ignotum

307 1712 377 1796 fuit,
411 1718 443 1777 et
474 1715 530 1796 qui
561 1715 657 1780 etiam
688 1715 774 1798 apud
798 1715 926 1780 nullum
950 1715 1048 1780 alium
1074 1735 1171 1800 quam
1194 1715 1370 1800 Platonem,
1394 1716 1434 1780 de

307 1825 502 1891 amatoribus
526 1833 557 1892 et
580 1829 693 1892 amatis
717 1827 854 1912 loquens
874 1828 1049 1912 inducitur,
1068 1828 1124 1894 sed
1144 1831 1251 1913 ipsum
1263 1829 1430 1894 Platonem

307 1943 364 2022 per
386 1940 447 2003 hoc
474 1944 584 2005 notare
607 1941 792 2023 instituerit,
815 1960 856 2005 ex
879 1942 939 2006 hoo
962 1941 1083 2006 clarum
1108 1941 1154 2024 fit,
1178 1943 1265 2026 quod
1287 1961 1326 2006 ea
1348 1941 1433 2005 Pau-

308 2053 416 2116 saniae
439 2052 536 2117 verba
560 2054 645 2138 apud
668 2054 835 2119 Platonem
859 2054 1027 2138 habentur,
1051 2075 1116 2120 non
1141 2056 1272 2139 quidem
1295 2057 1329 2119 in
1349 2055 1434 2120 Pau·

308 2167 416 2230 saniae
440 2165 592 2232 attributa
616 2168 766 2250 oratione,
790 2167 845 2232 sed
864 2169 898 2231 in
921 2186 967 2250 ea,
979 2188 1076 2252 quam
1088 2168 1234 2232 Phaedro
1245 2169 1432 2252 adscripsit:

306 2284 345 2343 ut
374 2279 425 2344 vel
454 2280 509 2362 sio,
532 2299 572 2344 aa
601 2279 766 2344 Platonem
788 2279 1013 2360 reprehendere
1037 2280 1077 2344 ob
1099 2281 1242 2346 amum
1264 2281 1433 2362 &mahero

306 2391 441 2475 oeream,
463 2391 638 2472 Xenophon
660 2391 862 2476 aliquatenus
884 2395 1008 2476 mouit,
1031 2396 1118 2475 (nam
1142 2394 1203 2457 hoo
1222 2399 1307 2458 certe
1326 2412 1432 2478 neque

307 2503 392 2587 apud
422 2503 626 2570 Athenaeum
657 2505 917 2570 animadversum
945 2511 1002 2588 est,
1026 2504 1111 2589 apud
1136 2524 1231 2588 quem
1256 2506 1338 2570 nihil
1361 2507 1433 2590 qui-

307 2617 379 2680 dem
403 2617 518 2682 horum
537 2618 731 2682 Pausaniam
752 2619 875 2684 dixisse
894 2618 1038 2700 habetur,
1050 2638 1116 2683 non
1128 2623 1236 2683 tamen
1248 2619 1284 2682 in
1294 2618 1433 2684 Phaedri

307 2731 450 2794 oratione
485 2750 522 2795 ea
552 2730 661 2796 haberi
690 2732 874 2814 indicatur),
905 2731 957 2796 vel
985 2732 1076 2796 aliter
1108 2732 1263 2814 scriptum
1286 2731 1431 2796 Platonis

306 2842 512 2928 Symposium
535 2844 685 2910 habuisse
706 2845 898 2910 iudicandus
922 2844 994 2909 sit.'’
1017 2843 1132 2910 Risum
1155 2850 1263 2910 movet
1282 2845 1344 2909 ista
1357 2843 1431 2908 Gor-

305 2957 388 3020 narii
411 2956 593 3022 coniectura
615 2958 655 3022 de
676 2956 892 3042 Xenophonte
914 2963 1055 3040 cavente,
1074 2977 1116 3022 ne
1134 2957 1302 3024 Platonem
1322 2977 1428 3042 repre

305 3069 444 3134 hendere
474 3069 513 3134 ab
544 3070 695 3135 omnihus
719 3070 980 3154 deprehendatur.
1005 3069 1105 3147 Quasi
1127 3091 1204 3136 vero
1228 3074 1298 3156 ipsa
1320 3091 1429 3138 rerum

305 3189 420 3246 natura
450 3186 580 3265 vetaret,
610 3182 777 3248 Platonem
808 3188 839 3248 et
869 3182 1116 3268 Xenophontem
1141 3190 1266 3269 apertas
1287 3186 1371 3250 inter
1395 3204 1429 3250 se

306 3297 490 3360 exercuisse
522 3297 706 3362 inimicitias
737 3301 768 3361 et
800 3297 996 3362 simultates!
1019 3297 1053 3360 id
1077 3295 1164 3380 quod
1187 3302 1219 3362 et
1241 3298 1429 3362 Athenaeus

306 3411 442 3472 testatur
471 3413 503 3474 et
532 3427 588 3492 per
611 3429 645 3475 se
666 3429 822 3493 perquam
846 3414 895 3474 est
918 3409 1077 3474 credibile.
1100 3410 1153 3474 An
1176 3410 1258 3475 forte
1280 3430 1428 3476 summus

305 3521 513 3605 philosophus
535 3523 749 3607 egregiusque
770 3525 905 3607 scriptor
924 3524 1046 3587 invidia
1057 3524 1170 3607 iraque
1182 3543 1248 3588 non
1259 3525 1427 3608 tangitur?

307 3632 530 3718 corrumpitur
562 3635 693 3699 historia
724 3635 763 3700 ab
792 3637 842 3719 iis,
867 3638 923 3720 qui
953 3638 997 3700 ita
1019 3637 1215 3721 loquuntur:
1244 3685 1259 3718 „
1272 3639 1345 3721 quis
1368 3640 1428 3702 hoo

305 3747 345 3812 de
367 3753 456 3814 tanto
480 3749 548 3812 viro
572 3748 700 3814 credere
721 3749 852 3833 possit''.
875 3749 993 3814 Tamen
1016 3769 1057 3814 ne
1076 3756 1185 3816 nostro
1206 3751 1336 3835 quidem
1349 3757 1427 3817 tem-

305 3878 382 3943 pore
417 3860 534 3924 desunt
568 3861 633 3945 qui,
668 3861 812 3927 historici
846 3863 924 3926 dum
958 3862 1068 3927 haberi
1098 3863 1223 3947 volunt,
1245 3863 1427 3930 istiusmodi

305 3972 393 4037 locos
415 3974 451 4036 in
473 3993 528 4038 ore
550 3973 697 4039 habeant.

351 4086 409 4150 ΠΙ.
439 4088 572 4152 Accedit
593 4088 723 4173 aliquid,
748 4089 834 4173 quod
858 4109 984 4154 omnem
1010 4089 1049 4154 de
1072 4088 1297 4174 Xenophontis
1321 4110 1426 4156 errore

307 4199 359 4262 vel
389 4200 642 4265 dissimulatione
671 4203 885 4266 coniecturam
909 4203 1000 4267 tollat
1022 4207 1215 4287 evertatque.
1238 4203 1426 4288 Sequuntur

306 4313 394 4382 enim
434 4314 521 4400 apud
558 4312 805 4399 Xenophontem
839 4317 918 4382 haec
955 4317 986 4400 (ᾗ
1023 4317 1093 4398 34):
1128 4314 1179 4382 acl
1214 4315 1361 4399 μαρτύρια
1395 4317 1426 4384 δὲ
