3330 5262
876 625 940 688 358

348 815 517 898 multoque
548 811 745 897 probabilius
774 810 903 877 videtur
929 815 1002 895 post
1032 807 1168 890 ἐσκσχον
1198 810 1253 888 μὲν
1277 808 1356 875 οὐδέν
1381 812 1466 876 cxci-

347 928 434 994 disse
457 927 625 1013 quaedam.

392 1041 496 1128 Oaput
515 1039 588 1124 VII,
608 1042 637 1103 4.
657 1038 835 1123 Postquam
856 1038 1038 1124 Agesipolis
1057 1057 1132 1102 cum
1154 1039 1254 1124 copiis
1270 1039 1467 1122 Asgivorum

347 1155 428 1220 fines
451 1155 589 1236 intravit,
609 1157 693 1217 terra
712 1157 879 1216 movetur:
899 1152 1080 1226 rediturum
1101 1170 1177 1236 ergo
1197 1171 1271 1217 eum
1293 1170 1362 1216 esse
1375 1150 1468 1238 Spar-

346 1272 416 1335 tani
439 1273 569 1354 putant:
593 1267 606 1331 ί
626 1266 652 1331 δ’
676 1264 872 1344 Ἀγησίπολις
896 1265 981 1330 είιείον
1004 1262 1047 1329 ὅτι
1070 1264 1094 1328 εί
1116 1265 1172 1342 μέν
1195 1263 1355 1343 μέλλοντος
1378 1266 1468 1330 cirri

348 1380 513 1461 ἐμβιίλλειν
536 1378 646 1453 σείσειε,
666 1375 783 1444 κωλύειν
804 1375 841 1442 aa
864 1377 953 1442 ιούσὸν
977 1378 1087 1456 ἠγεῖτο,
1111 1375 1175 1442 ἐπεί
1198 1377 1225 1442 δ’
1243 1374 1469 1456 ἐμβεβληκότος

348 1493 521 1561 ἐπικελεύειν
550 1491 668 1574 νομίζει.
700 1491 945 1575 Grammaticos,
969 1494 1026 1576 qui
1048 1492 1127 1557 haec
1150 1511 1228 1557 suna
1251 1511 1322 1556 esse
1345 1497 1470 1576 putant,

347 1612 381 1674 in
406 1628 556 1691 errorem,
580 1614 616 1672 ut
639 1608 760 1692 opinor,
779 1606 912 1670 induxit
930 1611 1092 1670 structura
1114 1606 1272 1690 quaedam
1293 1604 1468 1670 verborum

349 1722 508 1788 sentiendi
531 1726 562 1786 et
584 1720 720 1806 putandi
737 1720 814 1785 satis
835 1719 965 1813 quidem
986 1718 1148 1802 frequens,
1168 1719 1224 1784 sed
1236 1718 1275 1782 ab
1287 1719 1470 1784 hootamen

347 1836 417 1900 loco
452 1835 563 1898 aliena.
599 1833 793 1918 Saepissime
822 1833 909 1896 enim
940 1831 1038 1896 verba
1067 1827 1172 1909 οίομοιι,
1206 1823 1336 1910 >lyciam
1360 1833 1468 1896 simm.

348 1948 536 2035 particulam
561 1944 598 2010 ύν
620 1945 682 2012 sibi
705 1946 891 2010 adiunctam
914 1945 1029 2010 hahere
1044 1945 1210 2029 -videntur,
1229 1964 1341 2010 revera
1359 1949 1469 2010 mmen

348 2080 385 2126 ea
419 2060 460 2125 ad
493 2059 691 2123 infinitivum
726 2060 872 2143 pertinet,
906 2061 963 2143 qui
997 2057 1037 2122 ab
1068 2059 1133 2122 illis
1167 2057 1274 2124 verbis
1305 2059 1470 2145 dependet.

350 2177 403 2242 Sic
433 2195 458 2241 e.
489 2195 534 2260 gr.
567 2175 617 2238 ούκ
648 2171 684 2238 ίιν
715 2165 795 2251 οίμιιι
824 2173 929 2238 ιιιιίεῒν
959 2174 1045 2238 idem
1069 2178 1118 2238 est
1141 2173 1228 2257 quod
1250 2173 1301 2238 ούιι
1324 2167 1405 2251 οἷμοιι
1427 2171 1471 2238 ὅτι

349 2285 471 2366 ιιιίίοιμι
505 2285 542 2351 ιἰν
571 2288 622 2352 vel
652 2309 674 2352 0.
689 2309 711 2351 ο.
743 2285 785 2352 ὅτι
815 2285 963 2366 σείσομιιι.
991 2287 1109 2353 Nostro
1135 2293 1243 2354 tamen
1266 2289 1337 2353 loco
1360 2291 1470 2374 ipsum

254 2413 258 2422 ·
349 2402 486 2468 κισσίνοισι
510 2402 640 2481 ἧνούμιιι
662 2403 865 2486 hypothetice
887 2403 1029 2487 positum
1051 2408 1107 2488 est,
1127 2405 1269 2488 dicitque
1286 2403 1471 2489 Agesipolis

350 2537 432 2581 non:
457 2521 563 2601 ,puto
588 2516 685 2580 doum
712 2534 763 2579 me
785 2514 1024 2599 prohibiturum
1049 2515 1150 2582 fuisse
1172 2515 1311 2599 si....’',
1334 2535 1470 2581 verum:

353 2679 369 2712 ,
379 2634 527 2714 putarem
549 2629 646 2693 deum
668 2647 720 2692 me
738 2626 906 2712 prohibere
925 2629 972 2692 si.
985 2677 992 2692 .
1005 2677 1012 2692 .
1025 2627 1054 2693 .”
1070 2629 1173 2713 Atqui
1192 2629 1355 2694 soloscum
1368 2633 1470 2694 ussat:

350 2742 374 2806 εί
406 2742 420 2806 ί
450 2741 509 2814 θεὸς
539 2740 658 2805 σείσειε.
674 2788 681 2803 .
695 2787 724 2804 ..
749 2738 882 2818 ἡγούμην
912 2739 957 2814 ἄν,
990 2761 1095 2825 neque
1119 2761 1193 2826 ergo
1215 2741 1344 2827 probari
1366 2748 1472 2828 potest

351 2852 392 2919 ύτι
422 2854 446 2918 εί
477 2853 663 2918 σείσειε....
688 2850 806 2917 κωλύειν
836 2850 872 2916 ι’ίν
904 2853 1015 2932 ἡγεῖτο.
1048 2853 1134 2930 Quid
1157 2860 1264 2919 autem
1287 2874 1346 2940 pro
1368 2854 1471 2919 σείσειε

351 2970 523 3055 legendum
558 2969 631 3034 est?
663 2968 789 3052 Nempe
823 2965 923 3031 ἔσεισε.
961 2967 1024 3044 Qui
1058 2971 1144 3033 enim
1178 2970 1279 3033 semel
1308 2971 1473 3053 perspexit

352 3081 543 3167 particulam
572 3080 608 3144 ἄν
632 3101 707 3146 cum
736 3081 832 3146 vcrho
856 3080 956 3159 ἡγεῖτο
981 3082 1156 3166 cohaerere,
1178 3082 1270 3146 facile
1292 3082 1471 3168 intelligere

351 3198 456 3279 potest
476 3193 598 3258 nullius
625 3213 695 3259 esse
716 3195 819 3280 pretii,
844 3214 927 3278 quas
949 3197 1154 3280 grammatici
1176 3197 1472 3260 comminiscuntur

352 3308 391 3372 de
424 3306 576 3371 infinitivi
610 3304 728 3370 κωλύειν
762 3309 935 3373 sententia:
972 3309 1049 3373 haec
1083 3311 1170 3373 enim
1202 3309 1268 3374 fere
1299 3314 1469 3376 annotant:

354 3421 561 3504 ,infinitivus
583 3418 702 3484 κωλύειν
724 3421 776 3485 hic
795 3422 930 3486 eandem
953 3423 1018 3486 vim
1040 3420 1142 3505 habet,
1160 3443 1260 3506 quam
1281 3424 1316 3487 in
1329 3425 1471 3489 oratione

352 3537 471 3600 directa
495 3536 655 3620 optativus
678 3534 857 3599 habuisset:
883 3555 901 3600 e
924 3537 1042 3619 protasi
1066 3537 1152 3600 enim
1177 3535 1201 3599 εί
1222 3535 1324 3600 σείσειε
1341 3542 1471 3621 apparet

352 3649 504 3734 apodosin
539 3665 608 3713 esse
639 3644 740 3710 κωλύοι
771 3645 823 3728 ἔοις
857 3650 884 3711 si
915 3647 939 3711 εί
967 3644 1060 3711 ἔσεισε
1089 3648 1298 3733 praecederet,
1322 3651 1471 3734 epodosis

352 3766 436 3827 esset
458 3761 580 3824 ε’κιίλυεν
603 3756 655 3823 σίνε
680 3779 745 3824 non
768 3779 843 3845 ergo
867 3780 923 3845 pro
947 3760 1069 3825 ἐκώλυεν
1091 3758 1128 3825 ύν
1151 3781 1264 3826 verum
1287 3781 1344 3849 pro
1367 3761 1472 3826 auarior

352 3872 388 3938 ἄν
417 3873 598 3938 infinitivus
628 3870 746 3936 κωλύειν
777 3875 901 3957 positus
931 3873 1010 3939 cst'’.
1041 3873 1102 3939 Sed
1127 3876 1274 3940 restituto
1298 3876 1471 3941 indicativo

352 3985 444 4050 ἔσεισε
467 3986 611 4050 nondum
637 3991 804 4070 persanata
822 4007 892 4052 esse
912 3987 1007 4052 verba
1028 3989 1122 4052 citata
1135 3989 1292 4054 videntur.
1305 3989 1470 4055 Sententia

353 4103 438 4166 enim
459 4101 661 4185 hypothetica
680 4100 704 4164 εί
723 4097 798 4178 μὲν.
813 4148 820 4164 .
837 4148 864 4167 ..
886 4101 978 4165 ἔσεισε
992 4149 1020 4164 ..
1036 4149 1064 4167 ..
1084 4101 1183 4179 ἡγεῖτο
1196 4099 1232 4166 ι’ίν
1244 4104 1471 4169 coniunctione

353 4211 395 4279 ύσι
419 4235 494 4279 curn
519 4216 682 4299 participio
704 4213 791 4278 είσύν
809 4216 906 4300 ligata
926 4221 1106 4299 estusque
1125 4216 1471 4295 ultraverhumalysiro

353 4328 441 4393 illius
472 4329 706 4394 coniunctionis
738 4330 786 4394 vis
815 4330 961 4413 pertinet,
991 4349 1075 4414 quae
1103 4349 1167 4394 non
1190 4331 1254 4395 nisi
1277 4332 1469 4396 sententiam
