3352 5260
856 637 917 700 184

381 823 409 884 3.
444 820 517 885 Non
552 825 617 884 tam
652 821 766 885 leniter
795 821 835 884 de
864 821 1129 885 calumniatorum
1160 821 1287 885 iniuriis
1311 823 1456 905 queritur

334 934 570 1019 Ischomachus,
594 936 650 1000 sed
671 936 725 1017 ita,
748 941 785 1000 ut
808 954 882 999 eum
904 935 1041 1000 Athenis
1064 936 1172 999 vivere
1195 936 1323 1016 sentias,
1345 934 1456 1018 ibique

334 1048 398 1110 iam
428 1065 522 1130 saepe
553 1051 720 1130 expertum
749 1065 828 1130 esse,
852 1067 948 1131 quam
972 1046 1155 1132 improbum
1179 1048 1266 1111 istud
1288 1047 1454 1110 hominum

332 1177 436 1242 genus
459 1161 509 1242 sit,
532 1165 564 1224 et
586 1160 727 1244 quotidie
747 1165 888 1225 metuere
908 1180 948 1225 ne
966 1180 1069 1225 novae
1088 1160 1151 1224 sibi
1170 1159 1210 1224 ab
1229 1162 1270 1224 iis
1289 1165 1456 1224 struantur

333 1272 477 1354 insidiae,
499 1273 636 1356 ideoque
659 1292 786 1356 operam
811 1273 894 1354 dare,
917 1278 954 1337 ut
976 1273 1011 1336 in
1033 1272 1102 1336 foro
1125 1273 1210 1358 apud
1234 1272 1356 1337 iudices
1380 1272 1455 1338 sibi·

333 1390 399 1449 met
432 1386 500 1469 ipse
533 1386 690 1449 auxilinm
725 1384 807 1449 ferre
840 1386 949 1468 possit.
983 1385 1161 1468 Postquam
1193 1386 1279 1449 enim
1310 1384 1456 1449 Socrates

334 1499 417 1562 dixit
449 1497 520 1580 (XI,
551 1498 620 1580 2l):
656 1501 719 1578 „tu
748 1515 790 1561 ex
819 1497 1015 1580 agricultura
1037 1497 1109 1562 illos
1132 1498 1300 1582 percepisti
1322 1497 1457 1580 fructus,

333 1617 371 1676 ut
400 1616 433 1676 et
462 1610 568 1674 valido
599 1610 643 1674 sis
675 1628 814 1693 corpore,
837 1613 870 1673 et
891 1611 976 1675 inter
998 1628 1052 1674 eos
1074 1611 1261 1692 numereris,
1284 1610 1342 1692 qui
1365 1611 1456 1693 equi·

333 1724 423 1789 tandi
444 1723 630 1808 peritissimi
652 1728 684 1787 et
704 1722 948 1806 locupletissimi
970 1721 1078 1804 sunt'',
1104 1720 1243 1804 „atqui”
1261 1723 1370 1806 inquit
1391 1740 1456 1802 ,ea

333 1840 402 1922 ipsa
433 1857 530 1901 causa
561 1841 618 1919 est,
647 1855 707 1900 cur
737 1841 802 1899 tam
832 1835 927 1900 multi
958 1855 1009 1900 me
1032 1837 1121 1899 omni
1143 1854 1259 1920 genere
1282 1837 1456 1899 criminum

333 1950 601 2014 circumveniant:
632 1968 674 2012 an
696 1953 790 2032 putas
812 1967 865 2011 me
885 1948 958 2011 ideo
981 1947 1072 2010 καλὸν
1096 1947 1227 2024 κάγαθόν
1250 1946 1455 2010 nominari?''

333 2061 476 2147 Rogatus
513 2062 627 2126 deinde
661 2081 680 2124 a
712 2060 860 2126 Socrate:
898 2079 1033 2141 ,nonne
1067 2078 1142 2144 ergo
1174 2060 1316 2144 aliquam
1346 2065 1457 2124 contra

332 2179 410 2241 istas
430 2177 608 2240 calumnias
629 2173 1075 2244 meditaris‚defensionem?’'
1094 2193 1285 2259 responsum
1302 2175 1457 2259 dategre-

332 2292 422 2375 gium
444 2291 573 2375 quidem
595 2295 626 2354 et
645 2289 783 2355 Socratis
802 2291 905 2353 amico
925 2289 1159 2372 dignissimum,
1179 2289 1235 2354 sed
1253 2289 1456 2354 librariorum

332 2406 457 2468 incuria
486 2404 627 2487 graviter
656 2407 850 2486 corruptum.
880 2401 976 2466 Nunc
999 2403 1084 2466 enim
1108 2403 1226 2486 legitur
1247 2401 1279 2466 οὐ
1303 2400 1360 2480 γὰρ
1383 2400 1456 2464 δοκῶ

332 2540 375 2581 σοι
407 2515 488 2580 αὐτοὶ
518 2518 616 2578 ταῦτα
644 2512 788 2577 διατελεῖν
811 2517 952 2591 μελετῶν,
975 2513 1188 2590 ἀπολογεῖσθαι
1212 2512 1268 2591 μὲν
1289 2511 1331 2577 ὅτι
1354 2511 1458 2577 οὐδένα

333 2629 433 2702 ἀδικῶ,
465 2621 496 2692 εὖ
528 2627 559 2692 δὲ
587 2630 657 2690 ποιῶ
680 2624 806 2698 πολλοὺς
829 2623 892 2689 ὅσον
915 2625 951 2688 ἂν
974 2624 1113 2702 δύνωμαι.
1140 2625 1251 2709 Neine,
1275 2630 1312 2691 ut
1335 2627 1457 2710 opinor,

334 2743 441 2808 credet
471 2746 537 2805 tam
569 2741 761 2804 inconcinne
789 2739 954 2823 scripsisse
976 2738 1241 2824 Xenophontem
1265 2742 1458 2823 quapropter

333 2855 505 2940 legendum
527 2873 642 2918 censeo
661 2852 872 2929 ἀπολογεῖσθαι
892 2849 948 2929 μὲν
970 2848 1032 2936 (sc.
1051 2851 1201 2937 μελετῶν)
1223 2850 1324 2916 οὐδένα
1339 2851 1456 2925 termo,

333 2963 364 3032 εὖ
388 2969 419 3033 δὲ
441 2970 526 3031 τοιῶν
550 2964 631 3037 ὅσους
654 2962 691 3028 οόν
714 2961 853 3040 δύναμαι.
878 2961 1003 3028 Deinde
1025 2964 1220 3048 lepidissime
1239 2969 1356 3048 narrat,
1376 2983 1456 3047 quo·

333 3082 428 3146 modo
459 3086 491 3144 et
521 3079 722 3163 eloquentiae
744 3076 864 3140 forensi
888 3094 1015 3160 operam
1039 3077 1114 3140 dare
1136 3078 1243 3160 soleat,
1266 3083 1380 3162 estque
1401 3079 1458 3142 ille

335 3198 425 3260 locus
448 3195 563 3276 (usque
587 3191 627 3255 ad
651 3190 764 3273 capitis
786 3187 895 3269 finem)
918 3189 1005 3253 lectu
1026 3189 1282 3255 iucundissimus
1302 3195 1334 3255 et
1353 3190 1457 3255 Ἀττι-

333 3306 475 3377 κώτατος,
509 3305 564 3369 sed
596 3303 642 3366 ibi
674 3320 803 3385 quoque
832 3302 948 3365 vitium
976 3302 1062 3385 latet,
1092 3303 1178 3386 quod
1208 3303 1358 3369 facillime
1389 3304 1459 3368 tolli

334 3422 443 3507 possit.
466 3417 583 3482 Narrat
605 3417 691 3480 enim
714 3413 944 3478 Ischomachus
969 3414 1000 3495 (ξ
1025 3416 1095 3495 25);
1121 3412 1175 3488 ἤδη
1199 3415 1230 3479 δὲ
1252 3415 1303 3478 καὶ
1325 3415 1457 3493 διειλημ-

335 3533 428 3612 μένοις
459 3527 604 3599 τολλοέκις
634 3526 739 3606 iupiter
770 3522 795 3598 d,
820 3548 848 3587 τι
870 3523 928 3604 χρὴ
952 3530 1052 3589 παθεῖν
1075 3524 1091 3599 ἦ
1115 3527 1264 3599 ἀποτῖσαι.
1286 3528 1387 3596 Nihili
1410 3536 1460 3594 est

335 3641 566 3721 διειλνμμένως;
578 3640 751 3726 legendum
763 3635 966 3715 διειλημμένος
982 3637 1082 3722 (κοντοὶ
1093 3640 1125 3704 τὸ
1137 3639 1285 3704 Καννώνον
1297 3641 1457 3724 ψήφισμα,

337 3761 376 3824 de
399 3776 463 3842 quo
486 3756 559 3819 vide
581 3756 769 3836 interpretes
793 3751 834 3814 ad
855 3749 939 3814 Hell.
963 3750 989 3834 I,
1015 3753 1044 3835 7,
1067 3753 1131 3835 20).

381 3873 411 3933 4.
434 3868 595 3952 Exposuit
621 3863 859 3945 Ischomachus,
883 3884 980 3947 quam
1002 3864 1042 3928 ob
1065 3885 1192 3930 oausam
1218 3867 1356 3950 agricola
1377 3867 1458 3930 illud

336 3985 585 4047 instrumentum
616 3977 772 4056 adhibeat,
803 3975 889 4058 quod
919 3973 1048 4048 οκαλεύς
1078 3978 1271 4060 appellatur3
1303 3997 1341 4042 eo
1371 3979 1458 4042 enim

337 4097 555 4179 exstirpantur
577 4091 693 4156 herbae
715 4089 847 4153 inutiles
871 4087 936 4169 (Gr.
957 4084 1034 4172 ὕλν),
1056 4109 1139 4174 quae
1157 4090 1305 4173 frugibus
1325 4096 1457 4170 nocent3

336 4208 531 4290 comparavit
560 4205 631 4268 illas
661 4202 775 4266 herbas
804 4220 879 4265 cum
908 4201 992 4265 fucis
1023 4201 1088 4284 (Gr.
1119 4206 1272 4287 κηφῆνες),
1300 4205 1459 4287 quidum

340 4341 414 4406 apes
446 4326 576 4384 strenue
605 4317 759 4397 laborant,
791 4315 854 4398 ipsi
884 4314 965 4377 nihil
990 4321 1099 4399 agunt,
1122 4316 1178 4380 sed
1202 4315 1309 4380 cibum
1332 4315 1372 4379 ab
1393 4317 1459 4381 illis
