3354 5268
905 634 976 694 24¹

393 816 534 879 Tertium
559 820 793 898 argumentum,
818 834 882 899 quo
904 813 1071 898 Kriigerus
1092 835 1172 879 usus
1191 821 1239 880 est
1258 816 1297 879 ad
1309 815 1467 880 Anabasis

349 936 478 1010 tempus
502 926 728 1009 definiendum,
751 947 793 991 ex
817 947 855 992 eo
878 945 994 1011 genere
1017 933 1066 992 est
1085 928 1171 1011 quod
1189 929 1223 991 in
1237 949 1469 1013 summaargu-

352 1044 532 1102 mentorum
574 1041 683 1122 inopia
715 1039 858 1103 adhiberi
893 1039 989 1103 solet:
1025 1045 1074 1104 est
1106 1041 1191 1102 enim
1226 1059 1268 1104 ex
1303 1041 1467 1124 scriptoris

352 1151 478 1214 silentio
501 1153 644 1234 petitum.
672 1150 847 1232 „Etenim”
870 1152 948 1214 haec
971 1157 1048 1214 sunt
1070 1149 1210 1234 Kriigeri
1233 1151 1331 1216 verba
1357 1153 1473 1236 ,quod

352 1268 418 1326 tam
449 1263 584 1328 obscure
608 1263 648 1327 de
672 1265 804 1346 auxih0,
828 1263 913 1347 quod
936 1261 1179 1327 Lacedaemonii
1202 1262 1286 1345 Cyro
1310 1266 1471 1347 miserant,

352 1375 496 1459 loquitur
526 1379 601 1460 (quo
632 1376 728 1440 etiam
750 1377 890 1439 narratio
914 1375 953 1438 de
977 1374 1127 1438 Olearoho
1151 1378 1295 1459 pertinet,
1320 1383 1415 1459 reate,
1437 1383 1473 1441 ut

354 1489 475 1571 opinor,
497 1489 637 1552 iudicata
659 1487 698 1552 ab
721 1487 857 1552 Haheno
877 1487 960 1552 Xen.
980 1509 1010 1551 u.
1024 1488 1052 1551 d.
1065 1487 1174 1552 Zehnt.
1190 1488 1242 1552 Gr.
1254 1488 1280 1571 I,
1291 1509 1319 1572 p.
1334 1490 1397 1551 267
1412 1492 1470 1573 sq.)

352 1600 385 1662 id
409 1601 543 1682 prodere
566 1601 704 1682 videtur,
727 1601 806 1663 haec
827 1619 864 1663 eo
887 1605 1030 1684 tempore
1053 1602 1169 1684 scripta
1193 1619 1272 1682 esse,
1293 1620 1356 1685 quo
1376 1599 1472 1666 Lace-

354 1713 596 1776 daemoniorum
628 1714 795 1777 interesset
829 1731 935 1795 regem
971 1712 1141 1777 Persarum
1176 1715 1314 1777 amioum
1348 1713 1472 1797 habere,

355 1825 441 1907 quod
476 1823 524 1888 Ol.
559 1826 632 1906 102,
663 1825 680 1886 1
714 1823 872 1888 subiioit”.
896 1825 992 1888 Anno
1016 1831 1122 1888 autem
1148 1825 1210 1887 371
1234 1823 1416 1908 Xenophon
1438 1828 1473 1889 in

354 1936 531 2001 Helleniois
563 1935 630 2017 (VI,
651 1938 680 2018 3,
705 1938 735 2016 3)
765 1955 877 2000 omnes
905 1935 1041 2000 Graecas
1066 1937 1209 2000 civitates
1232 1943 1340 2000 namet
1362 1957 1473 2021 paoem

354 2051 438 2113 inter
472 2067 506 2112 so
535 2048 656 2130 fecisse,
687 2049 772 2112 solos
801 2047 967 2112 Thebanos
999 2067 1040 2112 ex
1062 2047 1188 2112 foedere
1211 2067 1281 2113 esse
1306 2049 1473 2130 exclusos,

355 2161 516 2226 Diodorus
548 2162 632 2245 (XV,
656 2163 707 2242 50)
731 2162 819 2225 addit
845 2162 1017 2226 Persarum
1040 2179 1147 2244 regem
1170 2163 1241 2225 eius
1264 2163 1351 2245 pacis
1374 2161 1475 2226 fuisse

355 2280 525 2338 auctorem.
557 2275 759 2338 Permultum
794 2293 878 2357 ergn,
913 2279 950 2336 ut
981 2272 1138 2356 Kriigero,
1167 2274 1281 2357 iisque,
1314 2275 1370 2358 qui
1400 2291 1475 2337 eum

355 2392 546 2469 sequuntur,
576 2387 712 2468 videtur,
734 2385 963 2469 Spartanorum
992 2387 1151 2467 intererat,
1174 2391 1211 2449 ut
1231 2405 1339 2470 regem
1363 2385 1475 2451 Persa

354 2519 426 2562 rum
464 2498 524 2562 sibi
558 2499 698 2561 amioum
733 2497 903 2561 haberent:
939 2497 1121 2582 Xenophon
1154 2518 1284 2582 quoque
1316 2501 1351 2561 in
1382 2517 1420 2563 ea
1441 2518 1476 2564 re

356 2630 467 2675 cavere
497 2611 624 2674 volebat
645 2629 687 2674 ne
710 2612 760 2691 iis,
785 2629 866 2694 quae
891 2611 1051 2693 scriberet,
1073 2614 1215 2695 patronis
1239 2614 1306 2676 sais
1330 2617 1474 2678 noceret:

357 2724 515 2808 quidquid
538 2743 612 2807 ergo
638 2722 736 2807 Regis
760 2723 916 2787 adversus
940 2722 1111 2807 Spartanos
1130 2725 1210 2788 iram
1229 2743 1358 2788 movere
1368 2729 1477 2808 posset

355 2840 390 2900 in
413 2836 503 2901 libris
527 2838 604 2918 suia,
627 2855 664 2901 eo
686 2842 828 2920 tempore
850 2837 954 2918 editis,
972 2836 1132 2900 reticebat.
1152 2836 1215 2900 Hie
1235 2839 1374 2920 primum
1392 2838 1473 2902 illud

356 2950 591 3014 admonendum
606 2948 741 3030 videtur,
751 2950 814 3012 iam
828 2955 901 3012 ante
912 2967 1023 3031 paoem
1034 2948 1255 3013 Antaloideam
1266 2950 1351 3033 regis
1364 2949 1475 3014 Persa·

355 3083 427 3126 rum
448 3063 581 3146 gratiam
602 3063 720 3125 summi
739 3061 839 3125 fuisse
859 3062 1023 3144 Spartanis
1035 3064 1145 3144 pretii:
1161 3064 1294 3126 ea‘enim
1306 3081 1379 3146 pax,
1390 3063 1476 3146 Rege

358 3175 398 3238 ad
421 3175 649 3258 Spartanorum
672 3181 777 3258 partes
800 3174 962 3257 perduoto,
987 3179 1084 3237 totam
1105 3173 1266 3238 Graeciam
1290 3176 1323 3238 in
1347 3175 1476 3238 illorum

358 3286 521 3370 redigebat
539 3290 744 3368 potestatem3
764 3305 874 3369 paoem
895 3305 978 3349 anno
1000 3287 1061 3349 371
1075 3286 1190 3350 factam
1204 3286 1367 3370 Spartanis
1379 3305 1475 3372 quam

359 3400 611 3463 Atheniensibus
638 3399 798 3462 utiliorem
826 3398 926 3463 fuisse
948 3418 1014 3463 non
1037 3406 1167 3482 apparet
1180 3399 1212 3480 ¹),
1235 3406 1265 3463 et
1286 3401 1421 3483 quaein
1440 3419 1478 3464 ea

361 3513 579 3596 componenda
596 3512 768 3575 Persarum
787 3513 872 3595 regis
891 3512 1129 3594 partesfuerint
1140 3531 1272 3595 prorsus
1284 3514 1477 3595 ignoramus.

406 3623 468 3688 Sed
498 3624 663 3688 videamus
694 3624 772 3706 quid
804 3624 931 3687 tandem
957 3622 1139 3707 Xenophon
1162 3624 1200 3687 de
1224 3624 1382 3687 industria
1403 3625 1477 3688 reti-

361 3739 467 3801 ouisse
490 3743 521 3800 et
544 3737 762 3801 dissimulasse
786 3736 955 3800 credatur?
979 3736 1094 3800 Narr'at
1118 3735 1279 3799 Diodorus
1303 3735 1403 3818 (XIV,
1424 3737 1477 3816 19)

360 3851 454 3913 haec:
490 3849 621 3930 „Cyrus
646 3850 770 3932 'legatos
794 3849 834 3912 ad
858 3849 1030 3932 Spartanos
1053 3851 1148 3930 misit,
1173 3850 1230 3931 qui
1253 3867 1306 3913 eos
1330 3849 1478 3912 admone·

360 3967 432 4026 rent
466 3963 702 4043 beneficiorum,
737 3975 818 4044 quae
851 3964 886 4025 in
917 3961 998 4025 bello
1030 3981 1103 4025 oum
1127 3960 1378 4026 Atheniensibus
1402 3982 1421 4025 a
1444 3981 1478 4025 se

394 4144 421 4208 1)
436 4145 600 4210 Contrarium
614 4144 744 4195 affirmare
761 4145 862 4195 videtur
872 4145 1064 4209 Demosthenes,
1074 4146 1121 4210 qui
1132 4146 1200 4211 (κατ’
1211 4144 1374 4204 Ἀνδροτίωνος
1382 4161 1407 4210 p.
1417 4144 1477 4206 595)

360 4237 391 4286 de
414 4251 444 4286 ea
465 4251 533 4300 paee,
555 4237 586 4286 ad
610 4236 780 4286 Athenienses
797 4237 874 4287 verba
891 4236 993 4301 iaciens,
1013 4237 1153 4288 haecdicit
1170 4235 1257 4296 εἰρήνης
1274 4227 1380 4299 ἐτύχετε
1397 4237 1479 4293 ὁποίας

361 4327 423 4384 τινὸς
440 4323 575 4390 ἐβούλεσθε.
