3348 5262
842 529 906 596 2so
941 479 945 488 ’

310 713 413 780 πάντα
437 713 607 795 συνήθροισε,
632 716 731 799 idque
755 716 834 798 quid
857 713 918 779 sibi
938 716 1016 780 velit
1035 735 1131 781 nemo
1151 718 1300 800 ignorare
1317 720 1439 803 potest:

311 851 415 914 quum
446 831 533 894 enim
553 831 589 893 in
612 830 732 893 vicinia
757 829 885 912 saepius
906 829 1033 914 legatur
1055 829 1251 894 vocabulum
1276 834 1351 903 νῆες,
1373 850 1442 896 non

311 948 360 1008 est
391 942 535 1026 dubium,
567 944 647 1027 quin
676 943 733 1006 illo
763 943 919 1024 triremes,
942 942 1099 1007 vocabulo
1128 949 1221 1007 πλοῖον
1243 963 1319 1008 vero
1342 965 1442 1029 parva

311 1057 438 1140 navigia
473 1054 701 1140 significentur.
737 1053 812 1119 Non
847 1061 953 1120 tamen
985 1058 1062 1121 satis
1093 1058 1264 1141 perspicue
1294 1058 1440 1124 locutum

310 1187 380 1234 esse
402 1168 652 1253 Xenophontem
675 1168 809 1232 credidit
830 1171 1059 1253 grammaticus
1084 1170 1225 1254 quidam,
1247 1190 1322 1255 ergo
1341 1192 1443 1237 anno-

310 1283 390 1346 tavit
411 1279 453 1345 τοὶ
475 1277 574 1360 μικροὶ,
599 1282 699 1365 idque
722 1281 841 1363 addito,
864 1287 901 1346 ut
924 1281 969 1366 fit,
992 1281 1044 1346 aa!
1065 1285 1100 1346 in
1118 1287 1246 1348 textum
1266 1289 1315 1350 est
1333 1304 1444 1370 recep-

310 1400 388 1460 tum.
418 1394 572 1458 Eiusdem
602 1396 729 1478 generis
758 1395 904 1460 molestia
935 1397 1020 1461 inest
1048 1396 1118 1460 loco
1142 1397 1173 1478 (ᾗ
1200 1396 1262 1480 18),
1285 1417 1383 1482 quem
1404 1401 1443 1464 in

312 1509 422 1574 eadem
447 1509 653 1572 annotatione
676 1512 789 1572 tractat
812 1507 1036 1573 Schneiderus.
1058 1507 1191 1594 legitur
1210 1512 1313 1575 enim:
1335 1511 1441 1576 Ἀνου-

311 1619 420 1699 βνοὶδνς
450 1617 482 1684 δὲ
512 1626 581 1692 τοῖς
604 1615 690 1683 alacer
714 1622 769 1683 τῶν
793 1623 861 1682 νεῶν
884 1617 1081 1700 περιπλεύσας
1104 1620 1207 1699 uiuida
1232 1621 1273 1695 εἷς
1297 1621 1350 1696 τὴν
1372 1631 1441 1702 γῆν,

313 1735 371 1799 ubi
394 1734 549 1798 articulus
571 1739 641 1804 τοῖς
664 1734 754 1798 nullo
774 1734 868 1798 modo
889 1734 1016 1799 defendi
1035 1740 1148 1819 potest
1161 1735 1353 1802 Haudmale
1366 1757 1444 1822 ergo

314 1848 538 1930 Schneiderus,
556 1847 721 1912 Plutarchi
742 1849 924 1912 testimonio
942 1868 1033 1932 usus,
1045 1850 1219 1934 legendum
1231 1869 1301 1916 esse
1313 1853 1444 1916 coniicit

316 1959 403 2025 εἴκοσι
425 1968 495 2033 roric
518 1959 652 2040 οὲρίοτοοος
674 1963 731 2024 τῶν
755 1963 830 2024 νεῶν.

359 2074 385 2158 Ι,
410 2075 460 2138 16.
486 2072 646 2139 Concione
670 2075 802 2138 dimissa
824 2073 987 2159 rebusque
1009 2075 1049 2139 ad
1071 2077 1229 2160 proelium
1252 2080 1445 2144 necessariis

313 2189 472 2272 apparatis
495 2187 679 2252 Alcibiades
702 2185 857 2268 Cyzicum
881 2188 953 2252 vela
976 2188 1063 2253 dedit
1086 2185 1182 2261 ὕοντος
1200 2191 1310 2269 πολλῷ.
1332 2190 1445 2268 Quum

313 2321 412 2385 prope
446 2300 603 2382 Cyzicum
637 2302 778 2365 venisset
811 2298 920 2380 αἰδοίοις
955 2299 1157 2379 γεγενημένης
1191 2301 1244 2367 κου)
1279 2307 1330 2369 τοῦ
1361 2303 1445 2377 ἡλίου

313 2415 529 2492 ἐκνοὶμψοοντος
559 2413 699 2477 Mindari
730 2415 885 2497 conspicit
915 2433 1024 2478 naves.
1046 2414 1122 2480 Tres
1146 2435 1261 2481 causae
1283 2422 1361 2482 sunt
1384 2437 1447 2482 cur

311 2548 378 2592 non
410 2527 537 2591 credam
569 2526 818 2611 Xenophontem
849 2527 947 2592 verba
976 2525 1028 2590 κυὶ
1051 2532 1108 2592 τοῦ
1126 2527 1205 2601 ἡλίου
1229 2527 1446 2610 ἐκλάμψοντος

312 2640 481 2705 addidisse.
512 2639 657 2716 Quarum
680 2641 784 2725 prima
807 2647 865 2723 est,
890 2641 977 2724 quod
1000 2640 1093 2715 attola
1116 2640 1251 2719 γίυνενου
1274 2648 1306 2708 et
1328 2642 1340 2706 ὁ
1364 2639 1446 2717 ἥλιος

312 2751 462 2831 ἐκλάμπει
491 2773 624 2838 prorsus
648 2754 733 2818 idem
758 2754 925 2839 significat,
948 2757 1083 2839 ipsaque
1106 2757 1153 2819 rei
1173 2761 1291 2820 natura
1311 2757 1381 2840 fert,
1407 2763 1446 2822 nt

313 2886 409 2932 nemo
438 2868 582 2950 scriptor,
607 2866 664 2930 ubi
687 2866 860 2932 dicendum
884 2872 933 2932 est
959 2868 1106 2950 „sudum
1128 2867 1185 2932 fit’'
1210 2869 1260 2933 vel
1284 2870 1446 2934 eiusmodi

313 2981 445 3064 aliquid,
469 2979 596 3044 duabus
619 2984 730 3043 utatur
748 2979 983 3061 locutionibus3
1006 2981 1125 3045 etenim
1137 2985 1168 3045 et
1180 2983 1362 3065 oppositum
1376 3001 1444 3046 non

313 3097 377 3158 nisi
407 3094 515 3158 verbis
546 3090 642 3164 ὕοντος
673 3093 773 3173 πολλῷ
801 3094 969 3158 indicatur.
994 3092 1119 3158 Deinde
1144 3096 1260 3178 omnia,
1284 3114 1367 3178 quae
1390 3096 1445 3160 hic

314 3213 496 3291 narrantur,
530 3209 658 3271 concisa
691 3207 848 3271 brevitate
879 3209 1060 3292 conscripta
1092 3213 1175 3273 sunt.
1198 3208 1332 3273 Accedit
1356 3209 1446 3292 quod

314 3322 393 3385 mihi
424 3321 509 3384 haud
541 3320 762 3404 improbabilis
792 3321 920 3385 videtur
954 3340 1066 3385 eorum
1090 3323 1206 3405 opinio,
1231 3322 1288 3405 qui
1310 3327 1446 3386 censent

313 3437 434 3519 primos
465 3434 565 3498 libros
596 3433 838 3498 Hellenicorum
867 3455 885 3498 a
908 3434 1123 3518 Xenophonte
1145 3435 1348 3518 imperfectos
1372 3453 1446 3500 esse

314 3549 449 3630 relictae,
474 3566 689 3631 magnamque
709 3566 819 3611 eorum
841 3552 963 3630 partem
984 3552 1129 3610 constare
1150 3547 1446 3612 ebrevibusannc-

313 3660 499 3743 tationibus,
522 3680 602 3743 quas
626 3662 760 3743 scriptor
782 3661 987 3744 consignarit,
1010 3664 1048 3723 ut
1070 3659 1200 3724 haberet
1224 3660 1311 3724 unde
1332 3667 1447 3743 postea

315 3777 437 3839 iustum
461 3773 580 3837 librum
604 3778 814 3857 componeret.
840 3772 933 3849 Quod
957 3774 1037 3856 quin
1060 3773 1227 3837 verissime
1250 3773 1289 3836 de
1308 3773 1389 3854 loco,
1405 3774 1446 3837 in

316 3909 380 3972 quo
404 3907 492 3951 nunc
515 3907 688 3970 versamur,
710 3890 879 3952 statuerint
900 3907 993 3952 nemo
1007 3886 1153 3952 dubitare
1165 3893 1276 3971 potest.
1288 3887 1448 3970 Inspiciat

314 4001 394 4064 mihi
427 4001 544 4082 aliquis
579 4001 758 4065 Alcibiadis
794 4003 970 4065 orationem
1002 4006 1075 4064 ante
1105 4001 1263 4084 proelium
1293 3999 1447 4085 habitam,

314 4115 429 4198 partim
455 4114 573 4179 directa
592 4117 707 4197 partim
728 4115 883 4178 indirecta
903 4115 1046 4177 oratione
1058 4114 1222 4178 traditam:
1236 4112 1446 4190 παρεκελεύετο

313 4227 415 4297 adroic
438 4222 479 4288 dra
503 4223 622 4303 ἀνάγκη
646 4223 687 4299 εἴη
713 4225 763 4289 aab
790 4233 961 4304 νοιυμοοχεῑν
985 4223 1037 4289 aa}
1063 4224 1252 4305 πεζομαχεῖν
1271 4224 1323 4289 aab
1342 4247 1446 4305 τειχο-
