3352 5260
859 619 922 683 138

368 806 556 890 Sequuntur
586 824 674 868 nunc
706 809 826 888 septem
858 805 961 888 capita
995 804 1038 886 (L
1062 805 1112 870 111
1135 827 1161 870 c.
1188 808 1294 890 1-7),
1325 829 1450 892 quaea

322 925 459 985 tractatu
484 920 523 984 de
545 920 665 1000 amicis,
689 937 784 1002 quem
808 917 898 1000 finxi,
923 937 987 983 non
1011 919 1106 1004 longe
1130 920 1294 1003 recedunt,
1318 941 1394 985 nam
1418 927 1450 986 et

321 1036 391 1119 ipsa
421 1053 486 1116 quo
516 1033 609 1097 modo
641 1032 786 1097 Socrates
816 1051 890 1096 cum
922 1034 1033 1098 amicis
1064 1034 1133 1098 suis
1164 1034 1305 1118 colloqui
1328 1055 1448 1120 eosque

321 1147 492 1212 admonere
511 1146 624 1211 solitus
643 1147 684 1210 sit
706 1146 882 1224 declarant;
903 1147 1022 1210 arctius
1042 1151 1149 1211 tamen
1172 1148 1258 1211 inter
1282 1167 1317 1212 se
1337 1149 1449 1213 cohae-

319 1268 398 1341 rent,
429 1279 610 1345 novamque
641 1260 804 1344 quandam
834 1261 949 1324 seriem
975 1259 1137 1325 efficiunt:
1162 1261 1330 1345 colloquia,
1360 1281 1442 1346 quae

321 1381 442 1460 septem
471 1375 521 1440 his
551 1373 711 1459 capitibus
742 1381 920 1455 narrantur,
952 1375 1060 1438 omnia
1091 1375 1250 1457 pertinent
1282 1375 1321 1439 ad
1352 1375 1443 1441 ducis

325 1490 464 1564 militum
488 1490 758 1572 magistratusque
781 1486 931 1551 officium.

502 1601 648 1667 Primum
681 1606 777 1685 caput
802 1601 965 1684 egregium
989 1606 1054 1664 est:
1081 1600 1327 1683 „historicum’'‚
1353 1621 1448 1685 quem

458 1715 579 1795 dicunt,
600 1713 760 1778 Socratem
781 1714 833 1777 hic
853 1713 1037 1796 loquentem
1049 1713 1160 1776 induci
1174 1733 1272 1797 supra
1285 1716 1324 1797 (p.
1338 1714 1378 1776 16
1392 1719 1450 1798 sq.)

458 1827 653 1912 significavi:
686 1826 935 1910 comparandum
967 1828 1052 1890 enim
1075 1827 1137 1890 hoc
1160 1831 1256 1909 caput
1280 1845 1350 1892 esse
1373 1846 1448 1891 oum

457 1940 602 2004 Platonis
633 1939 778 2020 Lachete,
803 1945 839 2002 ut
863 1944 1029 2023 appareret
1050 1939 1122 2002 ideo
1145 1942 1177 2002 et
1200 1937 1447 2022 Xenophontem

458 2059 490 2118 et
524 2053 690 2116 Platonem
726 2053 894 2135 magistros
928 2053 1007 2116 istos
1042 2046 1154 2124 ιιὲξεοος
1187 2054 1218 2114 et
1251 2047 1447 2129 ὁπλομαχίας

462 2166 628 2250 despectui
659 2163 819 2246 habuisse,
842 2163 928 2247 quod
952 2161 1113 2227 Socratem
1136 2165 1263 2247 saepius
1286 2182 1341 2227 eos
1365 2163 1447 2228 deri·

458 2279 585 2342 dentem
616 2277 822 2341 audivissent
852 2275 949 2339 Nunc
977 2274 1058 2339 addo
1081 2293 1098 2339 e
1122 2275 1141 2356 ξ
1167 2275 1205 2337 11
1231 2275 1283 2339 νοΙ
1306 2277 1447 2340 maxime

457 2391 549 2468 illud
575 2390 744 2454 consilium
778 2389 984 2472 perspicuum
1017 2386 1095 2466 fieri,
1129 2386 1186 2451 ubi
1220 2385 1365 2452 Socrates
1395 2388 1446 2453 his

457 2502 565 2566 verbis
595 2504 755 2583 iuvenem,
779 2520 919 2586 quocum
944 2500 1122 2564 collocutus
1144 2506 1201 2578 cst,
1224 2500 1264 2564 ad
1287 2499 1447 2582 Dionyso-

458 2616 571 2679 dorum
606 2614 655 2678 τὸν
688 2620 742 2687 τῆς
776 2611 958 2693 στρατηγίας
993 2610 1170 2677 διδάσκαλον
1203 2613 1306 2677 redire
1339 2613 1445 2678 iubet:

457 2726 548 2792 πάλιν
581 2726 672 2791 τοίνυν
694 2727 781 2790 ἐλθὼν
808 2725 986 2806 ἐπανερώτα·
1009 2723 1042 2798 ἣν
1065 2724 1124 2805 γὰρ
1146 2724 1302 2798 ἐπίστηται
1325 2723 1377 2788 καὶ
1401 2725 1445 2802 μὴ

456 2841 577 2914 οὶναιδδς
609 2836 636 2922 ἦ,
669 2841 857 2920 αἰσχυνεῖται
886 2839 1016 2920 ἀργύριον
1046 2839 1174 2920 εἰληφὼς
1206 2839 1288 2904 ε’νδεοῖ
1311 2864 1345 2903 σε
1366 2840 1443 2904 oino-

457 2953 646 3034 μέμψασθαι.

500 3067 601 3132 Paulo
622 3068 729 3130 minus
749 3065 928 3130 secundum
947 3069 1043 3150 caput
1061 3066 1172 3148 placet,
1193 3066 1352 3150 credoque
1363 3067 1443 3131 illud

456 3200 522 3244 non
551 3182 597 3243 ita
628 3198 647 3242 a
677 3178 891 3262 Xenophonte
919 3179 1074 3263 scriptum
1098 3197 1176 3260 esse,
1200 3179 1256 3243 sed
1279 3179 1318 3244 ab
1342 3180 1445 3244 alioe

456 3292 688 3375 Xenophonteo
720 3292 845 3374 dialogo
875 3296 1078 3375 excerptum:
1110 3297 1336 3375 argumentum
1359 3294 1444 3356 enim

355 3469 359 3476 ,
459 3405 590 3468 omnino
631 3402 838 3487 Xenophonti
875 3404 1106 3467 vindicandum
1139 3422 1208 3468 esse
1244 3423 1286 3469 cx
1321 3406 1444 3469 ultimis

456 3517 562 3582 verbis
597 3521 740 3600 apparet:
776 3513 828 3579 nal
863 3511 951 3587 οὕτως
985 3517 1148 3579 ἐπισκοπῶν
1180 3515 1224 3588 τίς
1255 3513 1296 3588 εἴη
1328 3517 1442 3594 ἀγαθοῦ
1659 3543 1660 3572 ι

456 3626 596 3707 ἡγεμόνος
626 3627 713 3708 alpert
745 3627 785 3692 rel
815 3628 870 3705 μὲν
902 3625 985 3692 ἄλλοι
1018 3629 1145 3709 περιῄρει,
1177 3627 1335 3692 κατέλειπε
1356 3628 1387 3692 δὲ
1410 3630 1442 3693 νδ

455 3740 631 3818 εὐδαίμονας
660 3747 751 3805 ποιεῖν
773 3735 810 3804 ὦν
833 3739 869 3804 διν
893 3740 1012 3818 ἡγῆται.
1037 3741 1236 3805 Praeclaram
1259 3742 1346 3806 illam
1371 3761 1442 3806 sen·

455 3857 587 3921 tentiam
606 3855 646 3919 ad
665 3856 772 3937 ipsum
793 3853 954 3919 Socratem
975 3859 1135 3918 auctorem
1154 3855 1351 3919 referendam
1363 3874 1442 3938 esse,

456 3968 557 4034 efficio
589 3988 630 4032 ex
662 3968 750 4032 hisce
780 3968 964 4032 Platonicae
990 3967 1196 4052 Reipublicae
1218 3968 1327 4033 verbis
1350 3968 1394 4051 (L.
1419 3967 1444 4050 1,

454 4105 484 4168 p.
509 4083 572 4145 342
598 4083 697 4162 extr):
723 4081 823 4144 οὐκοῦν
846 4080 905 4144 οὐδ’
928 4078 1020 4152 ἄλλος
1043 4078 1136 4150 οὐδεὶς
1159 4081 1188 4144 ἕν
1208 4080 1330 4163 οὐδεμιᾷ
1349 4082 1439 4163 οέρχῇ,

455 4195 520 4258 καθ’
544 4192 607 4258 ὅσον
630 4190 730 4273 ἄρχων
753 4192 824 4266 ἔστί,
848 4194 881 4257 τὸ
904 4194 984 4274 αὑτῷ
1005 4193 1154 4275 συμφέρον
1173 4201 1281 4259 σκοπεῖ
1296 4195 1360 4260 οὐδὲ
1378 4198 1439 4261 ἐντι-

454 4309 566 4382 celcra,
590 4305 675 4371 ailad
697 4306 729 4371 νδ
753 4307 793 4388 τῷ
816 4305 971 4388 αρχομένιρ
994 4305 1046 4371 καὶ
1067 4301 1088 4388 ᾧ
1108 4305 1253 4381 ἂνοιύτὸς
1271 4308 1440 4390 δημιουργῇ,

1659 5147 1660 5190 ι

1659 5191 1660 5255 l
