3354 5268
919 625 960 694 78

816 886 988 952 LIBER
1020 887 1076 952 IV.

434 1073 468 1139 C.
498 1073 540 1156 H,
573 1075 622 1136 14.
647 1069 689 1136 ἔτι
714 1071 744 1136 δέ
767 1073 864 1145 αὐτοῖς
888 1071 980 1153 τρίτος
1002 1075 1117 1150 μαστὸς
1140 1074 1238 1147 λοιπός
1262 1069 1294 1148 ῆν
1317 1074 1394 1139 πολὺ
1416 1075 1513 1155 όρθιιθ-

390 1209 479 1252 τατοο
502 1185 515 1248 ό
539 1185 606 1266 ὑπὲρ
629 1191 683 1258 τῆς
702 1185 751 1249 ἐπὶ
772 1187 811 1264 τῷ
832 1185 898 1266 πυρί
918 1186 1159 1266 καταληφθείσης
1179 1194 1320 1268 φυλακῆς
1338 1194 1392 1260 τῆς
1405 1189 1512 1260 νυκτός

389 1299 444 1362 θπδ
465 1301 521 1362 τῶν
544 1299 702 1363 ἐθελοντῶν.
728 1299 835 1364 Verba
857 1305 910 1372 τῆς
934 1299 1034 1372 νυκτός
1058 1299 1112 1364 ὑπό
1132 1304 1187 1364 τῶν
1208 1301 1357 1365 ἐθελοντῶν
1376 1303 1414 1366 ad
1427 1308 1512 1366 tenr-

389 1433 459 1497 pus,
483 1433 546 1497 quo
570 1412 772 1478 excubitores
795 1413 843 1477 illi
868 1413 1056 1498 deprehensi
1079 1416 1151 1498 sint,
1171 1415 1379 1479 indicandum
1400 1416 1512 1479 addita

390 1532 474 1609 sunt,
506 1547 569 1590 non
595 1527 634 1591 ab
665 1529 734 1611 ipso
758 1525 981 1610 Xenophonte,
1003 1546 1115 1591 rerum
1138 1547 1157 1591 a
1179 1529 1394 1612 grammatino,
1420 1528 1512 1612 quod

390 1641 441 1705 vel
463 1639 562 1723 loeus,
587 1639 642 1704 ubi
664 1642 767 1724 posita
790 1645 874 1723 sunt,
898 1642 1010 1724 arguit.

434 1753 492 1836 III,
517 1755 544 1817 2.
568 1752 635 1816 τότε
657 1753 711 1830 μέν
731 1747 777 1816 οὖν
802 1752 979 1826 ηὐλίσθησαν
1003 1751 1091 1829 μόλα
1113 1753 1202 1826 ῆδέιος
1224 1752 1276 1818 καί
1296 1753 1336 1818 τόι
1356 1754 1512 1829 έπιτῆδειοι

391 1864 510 1947 ἔχοντες
532 1866 581 1931 καί
603 1866 703 1930 πολλόι
725 1870 781 1930 τῶν
803 1865 1042 1947 παρεληλυθότων
1061 1866 1152 1930 πόνων
1171 1859 1416 1944 ρινηριονευόντες.Ι
1430 1868 1512 1933 Par-

391 1981 498 2064 ticipia
520 1977 638 2059 ἔχοντες
663 1986 694 2044 et
717 1977 944 2057 μνημονεύοντες
968 1999 1096 2043 oausam
1121 1982 1293 2063 continent,
1313 2000 1372 2045 our
1391 1981 1511 2046 milites

391 2099 455 2157 tam
478 2094 619 2158 iuounde
641 2095 864 2178 pernoctarint,
887 2113 961 2178 ergo
986 2094 1075 2178 prius
1099 2091 1151 2156 καί
1173 2095 1362 2158 eiiciendum
1387 2101 1445 2160 est.

435 2205 493 2289 III,
524 2208 553 2270 8.
583 2203 677 2279 ἔδοξεν
706 2207 735 2270 έν
765 2205 868 2277 πέδαις
902 2203 1042 2278 δεδέσθαι,
1067 2199 1155 2270 αὗται
1177 2205 1208 2269 δέ
1232 2207 1310 2286 αὐτῷ
1335 2206 1511 2284 αὐτόμαται

392 2325 574 2398 περιρρυῆναι,
606 2316 680 2382 ιθστε
710 2319 840 2404 [λυθῆναι
870 2317 934 2403 καί]
965 2317 1123 2395 διαβαίνειν
1154 2316 1255 2382 όπόσον
1285 2317 1430 2396 ἐβούλετο.
1456 2321 1509 2384 Ει]

393 2431 558 2515 emblema,
580 2433 729 2496 omnibus
752 2438 910 2516 quotquot
935 2437 1011 2496 sunt
1033 2433 1085 2496 vel
1106 2432 1238 2497 fuerunt
1259 2434 1433 2499 insulsius!

435 2545 492 2627 IV,
526 2547 553 2608 7.
586 2544 691 2616 κιθαας
723 2542 803 2625 πέριξ
833 2543 947 2617 πολλόις
977 2548 1092 2608 πολλῶν
1115 2549 1171 2608 τῶν
1193 2545 1358 2619 ἐπιτηδείων
1381 2546 1509 2623 μεστοίρ.

392 2656 530 2722 Cobetus
557 2678 614 2742 pro
644 2659 699 2720 τῶν
723 2657 887 2730 ἐπιτηδείων
912 2659 1010 2723 edidit
1042 2659 1178 2735 αγαθῶνι
1204 2660 1290 2743 quod
1313 2660 1352 2723 ad
1377 2679 1510 2725 sensum

391 2774 583 2851 rectissime;
618 2773 726 2836 nescio
757 2779 864 2836 tamen
894 2792 934 2835 an
965 2771 1161 2856 probabilius
1192 2774 1233 2836 sit
1256 2776 1371 2836 πολλῶν
1396 2774 1511 2856 delere,

392 2894 447 2951 aut
470 2906 488 2951 e
511 2887 722 2971 dittographia
744 2891 800 2949 aut
824 2905 865 2949 ex
889 2885 1063 2949 annotandi
1085 2887 1191 2949 studio
1215 2893 1335 2950 natum.

437 2999 476 3082 V,
508 3001 558 3063 35.
588 2998 641 3062 καί
671 2995 758 3061 ἵππον
789 2996 817 3060 όν
844 2996 957 3077 είλῆψει
981 2997 1155 3078 παλαίτερον
1178 2997 1274 3062 διδυσι
1297 3000 1337 3078 τῷ
1360 2998 1510 3079 κωμοθρχη

391 3110 587 3192 ἀναθρέψαντι
618 3111 794 3183 καταθῦσαι,
825 3107 867 3174 ότι
898 3107 996 3182 ῆκουεν
1025 3110 1114 3174 αὐτόν
1138 3111 1205 3191 ἱερόν
1228 3104 1297 3174 εἶναι
1322 3116 1371 3174 τοῦ
1398 3111 1509 3184 Ἡλίου,

393 3224 490 3296 δεδιὼς
524 3224 567 3302 μῆ
601 3225 741 3305 όποθθνη.
777 3223 919 3288 Delectat
955 3243 1004 3288 me
1038 3226 1099 3288 iste
1129 3226 1202 3309 pagi
1232 3226 1419 3309 praefectus,
1442 3225 1511 3290 Soli

393 3345 604 3421 consecratus,
627 3341 688 3422 cui,
712 3357 752 3402 ne
770 3340 940 3402 immatura
960 3344 1061 3402 morte
1080 3338 1262 3422 abripiatur,
1282 3357 1401 3423 equum
1422 3339 1509 3403 dono

394 3453 447 3516 dat
470 3451 659 3535 Xenophon.
683 3451 780 3515 Nulla
800 3454 883 3515 enim
905 3452 966 3515 alia
985 3454 1140 3516 sententia
1161 3471 1178 3516 e
1200 3453 1313 3535 verbis,
1327 3473 1408 3537 quae
1421 3473 1511 3517 nuno

393 3567 553 3651 leguntur,
579 3561 650 3630 elici
672 3571 783 3650 potest.
805 3565 988 3630 Reddemus
1012 3585 1085 3650 ergo
1110 3585 1202 3650 equo,
1227 3586 1309 3650 quae
1328 3569 1404 3651 equi
1423 3575 1510 3651 sunt,

393 3680 426 3742 id
450 3684 497 3743 est
523 3698 698 3763 pronomen
721 3676 809 3742 αὐτόν
832 3681 1004 3743 eiiciamus.
1030 3677 1073 3741 Of.
1099 3698 1180 3763 quae
1204 3679 1272 3742 dixi
1296 3680 1335 3743 ad
1359 3679 1402 3763 H,
1425 3682 1455 3763 4,
1482 3683 1509 3744 7.

441 3792 495 3875 VI,
530 3794 579 3856 ll.
614 3791 689 3856 πολὺ
723 3785 769 3856 οὖν
798 3799 926 3872 κρεῖττον
957 3796 1008 3856 τοῦ
1039 3793 1145 3872 ἐρῆμον
1176 3790 1252 3871 όρους
1273 3791 1325 3856 καί
1348 3792 1459 3872 κλέψαι
1482 3817 1511 3857 τι

395 3907 543 3985 τειροῖσθαι
576 3905 720 3978 λαθόντας
749 3905 800 3970 καί
832 3905 963 3986 αρποίσαι
993 3905 1180 3987 ψθοίσαντας.
1211 3907 1280 3971 Aut
1304 3908 1375 3971 dolo
1399 3915 1455 3973 aut
1478 3910 1511 3970 vi

395 4020 553 4102 agendum
578 4024 641 4099 est;
665 4019 734 4103 loge
757 4039 839 4103 ergo,
862 4040 919 4104 pro
943 4020 993 4082 καί
1020 4057 1060 4066 -
1084 4016 1183 4092 καί,ῆ
1209 4057 1246 4066 -
1266 4017 1292 4091 ῆ.
1306 4019 1355 4084 Ne
1368 4021 1505 4104 dubites,

395 4133 517 4216 inspice
540 4132 578 4215 V,
603 4132 631 4215 6,
655 4134 687 4195 9:
711 4132 734 4195 εἰ
756 4131 787 4195 δέ
810 4133 858 4195 καί
881 4132 1026 4205 δυνηθεῑτε
1049 4131 1088 4195 τοί
1111 4155 1145 4195 τε
1165 4130 1211 4212 όρη
1232 4131 1343 4212 κλέψαι
1363 4131 1509 4213 ῆφθοίσαι

396 4241 540 4322 λαβόντες
562 4244 621 4308 κτέ.
808 4255 811 4259 “

854 4401 1046 4416 -q-—v—-nan
