3352 5260
861 595 924 658 166

331 779 456 863 εἴρηκας.
481 781 560 846 Post
583 777 677 857 όμοιον
699 777 908 843 inserendum
928 777 1059 842 videtur
1077 796 1253 861 pronomen
1272 780 1374 852 roim
1387 798 1459 844 sen-

332 896 432 960 tentia
456 895 542 959 enim
565 897 632 959 est:
655 891 833 956 rectissima
854 894 903 956 est
926 889 988 954 ista
1010 893 1068 954 όταν
1089 891 1289 974 comparatio.

377 1007 482 1093 Caput
504 1007 547 1090 Π,
571 1008 599 1070 2.
627 1004 741 1088 „Quid
764 1003 833 1070 est’'
856 1005 963 1088 inquit
985 1002 1131 1067 Socrates
1157 1003 1271 1086 „quod
1293 1002 1457 1068 Homerus

333 1123 608 1206 Agamemnonem
643 1124 708 1183 tam
742 1118 920 1182 laudaverit
955 1135 1030 1181 eum
1065 1117 1244 1200 appellans:
1279 1113 1457 1197 ἀμφότερον,

335 1231 480 1312 βασιλεύς
511 1233 540 1296 τ’
574 1232 686 1311 οἶμαόὸρ
716 1227 848 1312 κρατερός
877 1230 906 1292 τ’
929 1228 1112 1309 oizparis?
1136 1229 1189 1292 An
1210 1229 1291 1294 forte
1312 1230 1393 1314 idea,
1415 1226 1458 1294 ὅτι

333 1345 491 1426 αἰχμητὴς
515 1346 647 1428 κρατερός
670 1344 707 1410 ἂν
729 1342 781 1420 τόν,
805 1345 857 1409 οὐκ
880 1343 903 1407 εἰ
925 1341 1011 1421 μόνος
1033 1343 1122 1416 αὐτόν
1145 1336 1177 1406 εὖ
1199 1341 1367 1423 ἀγωνίζοιτο
1389 1344 1459 1425 πρὸς

333 1459 399 1532 τοὺς
431 1458 590 1536 πολεμίους
620 1458 702 1523 arii
727 1457 916 1523 Necessario
940 1457 1121 1522 addendum
1144 1476 1321 1540 pronomen
1343 1459 1459 1542 imper-

336 1574 445 1639 sonale
474 1595 520 1644 τιο
555 1570 625 1656 (οὐκ
654 1568 681 1634 si
708 1593 754 1644 τις
778 1568 864 1648 μόνος
887 1567 1009 1655 αὐτός).
1034 1569 1109 1634 Non
1132 1571 1217 1634 enim
1240 1571 1304 1635 iam
1329 1570 1459 1636 desolo

337 1687 578 1771 Agamemnone
603 1704 706 1750 sermo
728 1689 783 1750 est.
1336 1751 1339 1758 ,

380 1798 484 1884 Caput
504 1798 564 1882 HI,
589 1799 638 1862 ll.
661 1795 717 1862 ὅσα
737 1794 814 1877 νόμιρ
834 1795 1066 1875 μεμαθήκαμεν.
1088 1795 1172 1873 Quid
1193 1799 1235 1862 sit
1253 1796 1331 1878 νόμῳ
1343 1794 1459 1875 μανόοό-

335 1935 389 1976 νειν
410 1911 675 1977 obscurissimum
693 1911 773 1974 mihi
792 1915 847 1976 est
867 1910 975 1974 Nuffis
993 1912 1088 1992 enim,
1100 1914 1137 1974 ut
1149 1912 1272 1994 opinor,
1283 1910 1461 1978 Athenien-

336 2045 387 2091 ses
410 2024 604 2090 tenebantur
626 2030 657 2089 et
680 2023 880 2090 vexabantur
899 2023 1024 2108 legibus
1045 2024 1085 2088 de
1102 2025 1304 2089 institutione
1321 2023 1459 2109 publica.

384 2137 487 2223 Caput
516 2138 573 2221 IV,
598 2140 626 2201 2.
651 2137 874 2222 Indignantem
901 2137 1170 2220 Nicomachidem,
1195 2138 1281 2221 quod
1304 2157 1368 2200 non
1391 2139 1462 2222 ipse

337 2253 393 2318 sed
423 2253 626 2316 adversarius
657 2251 866 2316 Antisthenes
897 2251 1061 2331 οτρατνρνόρ
1093 2255 1219 2315 creatus
1241 2252 1291 2332 sit,
1314 2250 1461 2316 Socrates

337 2371 369 2431 et
412 2366 474 2430 aha
508 2370 540 2429 et
572 2365 633 2429 hoc
665 2368 772 2448 rogat:
809 2382 918 2427 nonne
954 2363 1169 2444 Antisthenes,
1204 2364 1462 2446 quotiescunque

337 2477 470 2558 ἐχορήγει
494 2479 662 2542 victoriam
681 2477 877 2561 reportavit?
895 2475 1094 2560 Respondet:
1115 2474 1173 2538 ua
1194 2477 1263 2549 Δία,
1283 2473 1368 2539 ἄλλα
1380 2474 1461 2540 οὐδὲν

337 2589 431 2669 ὅμοιόν
465 2592 527 2654 ἔστι
561 2593 647 2671 χοροῦ
681 2613 714 2654 τε
744 2589 796 2653 καὶ
827 2587 1050 2666 στρατεύματος
1080 2587 1263 2669 τροεττοόναι.
1286 2588 1339 2653 Ex
1362 2590 1462 2656 altera

337 2706 482 2789 responsi
504 2709 602 2789 parte,
625 2708 662 2767 ut
686 2705 807 2787 opinor,
830 2707 968 2787 apparet,
993 2703 1167 2766 concedere
1191 2702 1461 2786 Nicomachidem,

337 2819 408 2884 illas
432 2818 471 2882 ab
494 2817 686 2882 Antisthene
708 2818 859 2881 victorias
877 2821 1052 2900 reportatas
1073 2834 1151 2880 esse.
1170 2814 1357 2900 Lugendum
1376 2835 1461 2900 ergo,

338 2953 404 2998 non
433 2930 488 2996 Μόι
511 2930 580 3004 Δία,
604 2950 719 2994 verum
745 2927 793 3002 Ni
817 2927 886 2992 Δία.
913 2928 1046 3013 Saepius
1068 2929 1146 2993 haec
1169 2930 1252 2993 inter
1275 2947 1309 2993 se
1332 2948 1461 3013 permu-

338 3051 448 3114 tantur
469 3047 503 3108 in
527 3044 700 3108 codicibus.

385 3159 488 3243 Caput
509 3158 567 3240 VI,
590 3160 620 3222 4.
646 3157 733 3240 „Dic
755 3157 834 3221 mihi
859 3156 1018 3221 Glauco!”
1042 3156 1187 3221 Socrates
1203 3157 1311 3239 iuquit
1333 3175 1378 3237 „a
1397 3176 1462 3239 qua

339 3291 374 3338 re
404 3273 532 3335 initium
563 3271 708 3335 facturus
739 3273 783 3335 sis
815 3270 978 3334 beneficiis
1006 3269 1166 3334 afficiendi
1187 3267 1460 3353 Rempublicam''.

340 3381 404 3448 ἐπεὶ
429 3380 460 3446 δὲ
483 3382 667 3455 δικαιότατα
690 3383 704 3445 o‘
729 3380 877 3454 Γλαύκων,
901 3383 938 3452 ὡς
957 3379 994 3446 aa
1012 3380 1080 3444 τότε
1099 3384 1213 3445 caercio
1232 3378 1329 3445 ὁπόθεν
1341 3379 1460 3462 ἄρχοιτο

341 3497 403 3562 ari.
437 3496 540 3580 Supra
573 3501 612 3580 tp.
640 3496 714 3577 141)
748 3497 812 3559 iam
846 3496 923 3578 dixi,
953 3500 1139 3580 suspectum
1170 3495 1249 3558 mihi
1271 3513 1341 3558 esse
1364 3495 1401 3564 ὥς
1424 3491 1461 3557 ἄν

319 3615 320 3618 ’
341 3610 428 3695 apud
450 3609 704 3692 Xenophontem.
728 3606 853 3672 Deinde
876 3613 908 3672 et
926 3608 987 3672 hoc
1001 3609 1123 3672 vitium
1138 3607 1242 3671 verbis
1254 3609 1357 3671 citatis
1368 3608 1462 3690 inest,

343 3724 430 3809 quod
449 3723 568 3787 excidit
587 3720 866 3805 vocabulumque
887 3723 1018 3786 minime
1030 3740 1137 3785 carere
1148 3741 1330 3806 possumus,
1341 3719 1461 3804 Requi-

341 3839 425 3902 ritur
444 3837 546 3900 enim:
568 3836 686 3918 quippe
704 3835 760 3917 qui
773 3839 839 3898 tam
848 3834 988 3914 ρονόννοιινιο
1000 3834 1038 3898 de
1050 3853 1087 3898 ea
1098 3853 1133 3898 re
1145 3835 1283 3918 cogitare
1296 3835 1460 3917 coepisset

342 3949 428 4034 Ergo
451 3948 626 4033 particulae
645 3944 681 4011 όιν
700 3948 770 4011 loco
791 3946 978 4011 adverbium
991 3948 1142 4030 temporis
1155 3949 1263 4027 πρῶτον
1275 3946 1460 4029 ponendum

343 4065 411 4130 erit.
440 4062 585 4126 Fortasse
606 4079 664 4145 pro
687 4062 781 4124 eoin
805 4065 933 4124 vetusto
957 4060 1066 4123 codice
1088 4060 1179 4123 litera
1201 4081 1222 4120 οι
1245 4061 1362 4142 scripta
1385 4065 1461 4122 erat

387 4175 628 4260 Ineptissimum
669 4175 870 4258 grammatici
907 4173 1159 4236 additamentum
1193 4172 1462 4255 deprehendimus

345 4291 364 4372 ᾗ
389 4291 440 4372 13,
459 4288 516 4352 ubi
537 4307 626 4352 nunc
647 4287 780 4372 legitur:
802 4285 875 4349 αλλ’
898 4284 1002 4349 ἐκείνου
1023 4284 1060 4363 γέ
1078 4307 1122 4348 τοι
1142 4278 1209 4348 οἶδα
1228 4282 1270 4348 ότι
1282 4282 1460 4360 oriciadae,-
