3330 5262
857 557 919 622 360

369 740 459 824 VIII,
484 741 512 804 5.
536 741 825 826 Appropiuquante
848 743 992 807 hostium
1016 742 1118 812 classe
1142 742 1271 808 Conone
1295 748 1326 808 et
1348 743 1447 810 Phar-

324 852 446 917 nabazo
478 852 614 918 ducibus
645 852 833 936 Dercylidas
866 854 1042 937 Abydenos
1073 856 1226 920 admonet
1258 860 1294 920 ut
1322 857 1357 920 in
1383 857 1447 922 fide

325 987 399 1053 erga
422 967 594 1052 Spartanos
612 967 735 1033 fortiter
756 974 979 1054 perseverent:
1001 989 1084 1053 quae
1103 974 1197 1034 antea
1216 969 1445 1055 Spartanorum

323 1084 426 1169 gratia
447 1083 591 1148 fecerunt
615 1088 646 1148 ot
664 1085 892 1150 sustinuerunt
911 1085 1029 1168 laudat,
1048 1085 1202 1150 adversus
1223 1085 1346 1149 instare
1366 1085 1447 1168 peri·

325 1196 436 1262 culum
468 1198 594 1261 animos
625 1215 737 1261 eorum
769 1196 886 1262 firmat.
918 1195 942 1261 οί
964 1195 1020 1274 μὲν
1043 1194 1079 1269 δη
1101 1200 1202 1262 ταῦτα
1225 1194 1376 1270 οἱκοοίονσες
1397 1197 1448 1260 οὐκ

272 1393 275 1399 .
323 1306 442 1380 ἄκοντες
461 1307 545 1372 ἄλλα
564 1306 713 1389 προθύμως
731 1307 915 1383 ἐπείσθησαν.
936 1309 1019 1376 Satis
1039 1312 1257 1396 perspicuum,
1278 1315 1314 1375 ut
1327 1312 1448 1394 opinor,

324 1428 372 1488 est
402 1423 490 1487 istud
522 1418 605 1485 ἀλλὰ
630 1419 781 1503 προθύμως
803 1424 963 1488 insertum
988 1442 1058 1488 esse
1080 1421 1120 1487 ab
1144 1423 1261 1508 aliquo,
1285 1424 1341 1507 qui
1364 1442 1448 1508 quae

324 1541 407 1602 esset
431 1538 465 1600 in
488 1535 596 1600 verbis
619 1535 670 1599 οὐκ
692 1533 811 1607 οίκονσες
837 1535 990 1618 „litotes”
1014 1536 1173 1622 explicare
1196 1537 1299 1602 vellet.

367 1651 458 1734 VIII,
494 1651 521 1713 5.
556 1649 639 1714 Sesti
672 1669 803 1734 quoque
832 1651 954 1715 incolas
986 1650 1174 1714 adhortatur
1198 1648 1385 1732 Dercylidas
1411 1656 1448 1716 ut

323 1764 467 1829 fidelium
504 1765 665 1828 sociorum
702 1763 844 1828 officium
876 1767 1048 1848 praestent,
1082 1782 1186 1848 neque
1210 1782 1280 1828 esse
1302 1764 1447 1828 hostium

325 1877 514 1942 metuendas
545 1879 653 1960 copias
685 1877 776 1941 docet
803 1878 853 1941 his
878 1877 1002 1942 verbis:
1027 1882 1107 1940 σοῖον
1131 1876 1186 1953 μὲν
1209 1872 1246 1940 ίον
1268 1875 1447 1957 ἰσχυρότερον

325 1994 441 2064 Σηστοῦ
472 1987 596 2067 λοίβονσε
626 1988 745 2070 zoclen
771 1996 851 2054 ποῖον
873 1989 905 2054 δὲ
921 1988 1245 2070 ’δνσσολνορκησίσερονς
1268 1986 1357 2053 baal
1381 1994 1448 2053 νεῶν

324 2101 376 2168 καί
399 2101 494 2184 πεζῶν
517 2103 621 2176 δεῖσαν,
646 2103 669 2166 εί
692 2101 795 2181 μέλλον
818 2101 1106 2182 σολονρκηίνίσεσίαος
1126 2103 1198 2167 Iam
1218 2107 1311 2168 antea
1333 2106 1448 2168 monui

323 2220 358 2282 in
388 2218 614 2283 huiuscemodi
645 2219 810 2283 sententiis
840 2236 905 2281 non
931 2219 1108 2303 optativum
1133 2216 1222 2282 verbi
1245 2215 1366 2295 μέλλειν
1390 2218 1447 2282 sod

322 2335 533 2398 indicativum
570 2333 697 2417 requiri.
733 2331 843 2408 Quum
880 2333 966 2396 enirn
1001 2331 1114 2396 Graeci
1145 2331 1284 2413 syllabas
1318 2353 1341 2395 ον
1370 2337 1401 2396 ct
1423 2355 1448 2394 εν

323 2468 455 2533 prorsus
489 2447 602 2512 eodem
639 2446 734 2510 modo
768 2448 1016 2530 pronuntiarint,
1046 2451 1194 2512 nostrum
1226 2452 1274 2512 est
1307 2450 1449 2511 statuere

325 2566 434 2625 utrum
460 2558 564 2637 μέλλεν
586 2580 628 2624 an
651 2556 754 2636 μέλλον
774 2559 947 2645 legendum
968 2560 1026 2640 sit;
1047 2563 1226 2624 statuemus
1246 2564 1355 2625 autem
1369 2579 1449 2624 sana

326 2679 433 2739 mente
478 2677 509 2738 et
545 2674 757 2758 grammatica
791 2672 935 2756 ducibus,
970 2674 1213 2758 pertinacesque
1248 2672 1448 2738 adversarios

326 2789 516 2852 convincere
539 2785 730 2850 conabimur
752 2791 919 2870 poetarum
943 2787 1031 2870 locis,
1056 2786 1113 2851 ubi
1136 2787 1226 2850 nullu
1247 2790 1352 2871 potest
1376 2806 1447 2852 esse

326 2899 490 2964 dubitatio.
514 2899 541 2962 E
565 2919 705 2984 quorum
728 2919 865 2964 numero
889 2901 976 2964 ethi
999 2904 1104 2992 suntr

369 3039 468 3103 Arist.
491 3037 566 3121 Lys
592 3039 655 3102 120
669 3059 755 3123 sqq.:

503 3179 576 3256 ἡμῖν
597 3176 665 3258 γὰρ,
691 3173 712 3240 ὦ
736 3184 884 3254 γυναῖκες,
908 3174 985 3258 είσσερ
1004 3175 1154 3255 μέλλομεν

501 3289 682 3369 ἀναγκάσειν
706 3289 772 3363 τοὺς
794 3287 901 3372 ἄνδρας
924 3289 1031 3370 είρνίνην
1053 3287 1145 3368 οίνενν,

501 3403 625 3485 ἀφεκτέ’
649 3401 713 3468 ἐστὶ
727 3451 733 3466 .
748 3450 756 3467 .
771 3451 778 3467 .
793 3451 800 3467 .

326 3546 363 3609 ei.
387 3544 471 3608 Eccl.
499 3543 603 3608 1163:

503 3663 523 3732 ὦ
548 3663 569 3732 ὦ
593 3665 650 3748 ίίρα
673 3666 718 3740 δή,

503 3777 524 3846 ὦ
547 3780 634 3862 Φίλαν
657 3786 793 3860 γυναῖκες
815 3776 891 3861 είπερ
915 3777 1066 3860 μέλλομεν
1089 3779 1122 3844 τὸ
1144 3786 1253 3861 χρῆμα
1279 3779 1356 3861 δροίν,

502 3893 552 3960 ἕσί
574 3895 607 3960 τὸ
627 3895 742 3960 δεῖπνον
765 3894 962 3958 ὑπασοκννείν.

371 4035 461 4118 VIII,
493 4037 543 4099 11.
576 4034 693 4100 Contra
715 4035 851 4099 classem
876 4033 1125 4116 Corinthiorum,
1150 4035 1263 4118 quiin
1290 4037 1363 4100 sinu
1387 4033 1446 4100 Oo-

325 4149 480 4212 rinthiaco
503 4145 779 4228 ε’ίαλασσοκροίσονν,
804 4147 951 4231 Spartani
975 4152 1006 4212 et
1027 4148 1090 4231 ipsi
1112 4146 1249 4212 classem
1268 4149 1446 4231 instruunt,

325 4265 419 4346 eique
449 4262 671 4327 Podanernum
698 4262 894 4347 praeficiunt
918 4258 983 4324 ἐσσί
1006 4261 1037 4326 δὲ
1060 4255 1141 4334 οὗτος
1164 4262 1193 4325 ἐν
1216 4259 1364 4342 προσβολῇ
1388 4259 1445 4325 σννί
