3330 5262
748 671 811 733 405

215 837 396 921 ¹narratione
427 855 611 938 displicent:
643 855 782 937 primum
812 852 1022 933 ἐκπορίσαντες,
1056 854 1140 938 quod
1173 856 1250 938 quid
1275 855 1335 920 sibi

218 970 271 1032 hie
301 970 378 1033 velit
408 987 473 1031 non
502 967 611 1047 uide03
640 966 753 1031 deinde
777 966 863 1050 quod
886 965 1121 1032 Mantineenses
1146 986 1214 1032 eam
1240 987 1336 1052 pecu-

218 1086 306 1146 niam
337 1087 397 1152 τοῖς
425 1078 546 1159 ἄρχουσι
570 1082 730 1144 remittere
754 1080 912 1144 dicuntur.
937 1079 1065 1144 Etenim
1088 1082 1149 1164 ipsi
1172 1082 1335 1146 Arcadum

219 1193 358 1275 θρχοντες
386 1195 537 1258 dicuntur
560 1213 596 1257 ea
618 1195 752 1277 pecunia
775 1195 826 1257 usi
850 1213 927 1276 esse,
950 1195 1112 1279 iidemque
1136 1194 1335 1262 Mantineen-

221 1309 310 1373 sibus
340 1309 479 1392 graviter
508 1309 692 1371 irascuntur
718 1306 799 1370 illud
821 1305 942 1370 factum
966 1306 1229 1391 improbantibus.
1255 1308 1335 1372 Gon-

220 1429 407 1488 sentaneum
427 1426 533 1485 autem
554 1426 601 1485 est
619 1419 854 1484 Mantineenses
866 1421 960 1484 iustis
972 1421 1188 1505 legitimisque
1199 1422 1336 1488 dominis

219 1539 387 1621 pecuniam
410 1537 597 1616 restituisse,
622 1537 688 1598 sive
711 1553 768 1618 pro
791 1529 914 1611 θρχονσι
936 1535 1108 1618 legendum
1132 1540 1180 1599 est
1201 1533 1334 1607 Ἠλείοις,

220 1653 287 1716 sive
321 1649 407 1714 aliud
442 1648 635 1713 vocabulum
668 1648 741 1712 sede
774 1668 833 1712 sua
853 1648 985 1731 pulsum
1009 1653 1057 1712 est
1078 1653 1206 1733 propter
1229 1649 1335 1711 vicina

219 1763 366 1844 οὶρχθντοιν
391 1769 422 1828 et
445 1759 594 1843 ἄρχοντες.
810 1775 812 1779 ·

263 1876 321 1961 IV,
351 1879 400 1940 35.
431 1877 636 1960 Magistratus
664 1895 738 1960 ergo
763 1866 935 1952 Arcadum,
960 1875 1156 1939 adversarios
1175 1875 1247 1939 illos
1270 1894 1335 1939 me-

222 1997 356 2074 tuentes
378 1990 542 2055 Thebanos
566 1992 725 2054 invocant,
748 1989 772 2052 οἱ
794 1988 825 2052 δὲ
848 1987 888 2052 τοι
911 1986 1052 2069 κροθπισποο
1071 1996 1107 2070 τῇ
1128 1987 1335 2068 Πελοποννήσῳ

222 2104 421 2180 βουλευόμενοι
445 2101 563 2166 έπεισοιν
585 2103 617 2166 τὸ
640 2102 727 2166 κοινὸν
751 2105 805 2165 τῶν
830 2101 978 2181 Ἀρκοέδων
998 2099 1182 2180 πέμφοιντοις
1200 2099 1335 2182 πρέσβεις

221 2216 310 2279 εἰπεῖν
333 2221 394 2288 τοῖς
419 2214 560 2292 Θνβοιέοις
584 2214 626 2291 μὴ
650 2214 719 2278 Ξένοιι
743 2214 795 2277 σὺν
817 2212 915 2286 ὅπλοις
937 2215 977 2286 εἷς
1000 2214 1052 2287 τὴν
1072 2214 1229 2296 Ἀρκοιδίοιν
1248 2216 1271 2278 εἰ
1291 2217 1333 2293 μθ

218 2353 246 2392 τι
278 2335 403 2392 κοιλοῖεν.
438 2327 626 2412 Suspectum
651 2333 698 2392 est
721 2326 854 2392 verbum
877 2333 1011 2391 κοιλοῖεντ
1036 2331 1139 2393 vocati
1162 2330 1334 2393 animiam

219 2447 309 2523 erant
337 2442 494 2522 Thebani3
523 2441 612 2505 nullo
635 2447 740 2505 autem
765 2440 906 2506 subiecto
929 2443 1035 2506 addito
1056 2443 1197 2508 Thebani
1218 2443 1334 2508 intelli-

217 2577 292 2642 gere
326 2577 390 2622 non
424 2561 568 2641 possunt,
603 2557 721 2641 quibus
751 2556 939 2621 vocantibus
969 2559 1088 2640 venire,
1120 2557 1237 2642 quibus
1267 2577 1332 2621 non

217 2673 326 2736 venire
361 2675 510 2754 oporteat,
543 2668 642 2735 Credo
674 2689 748 2754 ergo
773 2671 942 2754 legendum
966 2689 1051 2735 esse:
1075 2670 1099 2733 εἱ
1121 2670 1164 2748 μθ
1188 2694 1215 2734 τι
1240 2671 1331 2748 ἐγκοι-

217 2790 308 2847 λοῖενε
332 2786 396 2848 nisi
418 2784 579 2866 haberent,
603 2784 641 2847 de
665 2801 728 2866 quo
751 2789 1031 2866 conquererentur.

262 2897 364 2982 Caput
393 2896 433 2980 V,
465 2898 514 2960 11.
545 2894 608 2960 ἐπεὶ
641 2895 666 2959 δ’
699 2894 811 2974 ἐγένετο
836 2896 1076 2974 Ἐποιμεινιθνδοις
1100 2898 1167 2978 πρὸς
1191 2905 1227 2978 τῇ
1251 2895 1333 2962 πόλει

216 3018 252 3090 τῇ
283 3013 484 3082 Σποιρπιοιπῶν,
515 3007 583 3072 θετον
616 3012 670 3086 μὲν
694 3007 818 3087 ἔμελλον
841 3007 869 3072 έν
890 3034 925 3074 τε
948 3009 1068 3090 ἰσοπέδῳ
1092 3012 1258 3090 μοιχεῖσθοιι
1282 3011 1331 3075 aa>

214 3123 274 3186 ἀπὸ
296 3125 351 3185 τῶν
375 3122 463 3185 οἰκιῶν
487 3120 692 3198 βλνθθσεσθοιι,
717 3123 766 3186 οὐκ
790 3123 876 3204 εἰσῄει
895 3120 999 3204 τοιθτρ,
1021 3123 1080 3187 οὐδ’
1101 3121 1170 3187 ὅπου
1189 3147 1226 3201 γε
1238 3121 1330 3201 μηδὲν

215 3233 301 3297 πλέον
335 3234 502 3312 μοιχεῖσθιιι
536 3237 592 3296 τῶν
629 3233 731 3312 ὀλίγον
765 3234 866 3299 πολλοὶ
900 3233 979 3308 ὄντες
1013 3236 1075 3300 uri.
1108 3237 1171 3300 Hic
1202 3257 1331 3321 quoque

216 3349 337 3430 accidit,
374 3349 458 3431 quod
493 3349 528 3410 in
557 3346 732 3412 Hellenieis
764 3355 828 3413 tam
860 3369 953 3433 saepe
975 3350 1094 3414 fantum
1118 3351 1274 3434 videmus
1297 3357 1333 3416 ut

214 3462 368 3526 vocabulo
399 3460 592 3525 vocabulum
623 3463 765 3525 vicinum
796 3464 893 3526 exitio
925 3469 1015 3528 esset.
1046 3463 1146 3527 Nihili
1176 3465 1261 3528 enim
1284 3470 1333 3528 est

214 3571 301 3635 πλέον
324 3575 501 3652 μοιχεῖσθοιι.
525 3574 711 3658 Legendum
735 3577 846 3659 opinor
866 3573 953 3640 πλέον
973 3573 1053 3651 ἕξειν.
1074 3577 1226 3661 Sequitur
1247 3579 1331 3641 enim

214 3681 280 3746 ένθοι
303 3683 334 3746 δὲ
357 3692 536 3750 πλεονεκτεῖν
560 3684 596 3749 θον
619 3684 742 3765 ἐνόμιζε.

459 3847 521 3924 ἐμοὶ
545 3847 599 3925 μὲν
623 3846 657 3918 aa
682 3846 773 3928 μέχρι
795 3848 895 3913 τούτου
917 3850 1084 3931 γεγράφθω.

317 4082 515 4167 Lugduni
548 4085 805 4148 Batavorum

214 4199 264 4262 die
285 4219 343 4261 rur
366 4197 407 4261 M.
431 4197 453 4261 J
455 4199 523 4261 unii
547 4198 585 4261 A.
610 4198 647 4262 D.
671 4218 913 4264 uneeenxxxvn.
