<?xml version="1.0" encoding="UTF-8"?>
<!DOCTYPE html PUBLIC "-//W3C//DTD XHTML 1.0 Transitional//EN"
    "http://www.w3.org/TR/xhtml1/DTD/xhtml1-transitional.dtd">
<html xmlns="http://www.w3.org/1999/xhtml" xml:lang="en" lang="en">
 <head>
  <title>
</title>
<meta http-equiv="Content-Type" content="text/html;charset=utf-8" />
  <meta name='ocr-system' content='tesseract 3.04.00' />
  <meta name='ocr-capabilities' content='ocr_page ocr_carea ocr_par ocr_line ocrx_word'/>
</head>
<body>
  <div class='ocr_page' id='page_1' title='image "./analectaxenopho00hartgoog_0255.png"; bbox 0 0 3348 5262; ppageno 0'>
   <div class='ocr_carea' id='block_1_1' title="bbox 863 615 927 680">
    <p class='ocr_par' dir='ltr' id='par_1_1' title="bbox 863 615 927 680">
     <span class='ocr_line' id='line_1_1' title="bbox 863 615 927 680; baseline 0.031 -2"><span class='ocrx_word' id='word_1_1' title='bbox 863 615 927 680; x_wconf 84' lang='lat'>240</span> 
     </span>
    </p>
   </div>
   <div class='ocr_carea' id='block_1_2' title="bbox 336 797 1462 2247">
    <p class='ocr_par' dir='ltr' id='par_1_2' title="bbox 336 797 1462 1792">
     <span class='ocr_line' id='line_1_2' title="bbox 380 797 1460 887; baseline 0.006 -26"><span class='ocrx_word' id='word_1_2' title='bbox 380 797 422 882; x_wconf 86' lang='lat'>11,</span> <span class='ocrx_word' id='word_1_3' title='bbox 446 798 497 862; x_wconf 87' lang='grc'>21.</span> <span class='ocrx_word' id='word_1_4' title='bbox 524 797 714 882; x_wconf 80' lang='lat' dir='ltr'>„Agedum”</span> <span class='ocrx_word' id='word_1_5' title='bbox 738 798 907 885; x_wconf 80' lang='lat' dir='ltr'>Philippus</span> <span class='ocrx_word' id='word_1_6' title='bbox 932 801 1038 884; x_wconf 91' lang='lat' dir='ltr'>inquit</span> <span class='ocrx_word' id='word_1_7' title='bbox 1064 801 1170 883; x_wconf 91' lang='lat' dir='ltr'>,mihi</span> <span class='ocrx_word' id='word_1_8' title='bbox 1194 821 1324 887; x_wconf 92' lang='lat' dir='ltr'>quoque</span> <span class='ocrx_word' id='word_1_9' title='bbox 1342 802 1460 868; x_wconf 84' lang='lat' dir='ltr'>tibicen</span> 
     </span>
     <span class='ocr_line' id='line_1_3' title="bbox 338 910 1462 995; baseline 0.004 -21"><span class='ocrx_word' id='word_1_10' title='bbox 338 917 430 975; x_wconf 89' lang='lat' dir='ltr'>canat</span> <span class='ocrx_word' id='word_1_11' title='bbox 460 917 496 976; x_wconf 90' lang='lat' dir='ltr'>ut</span> <span class='ocrx_word' id='word_1_12' title='bbox 526 916 557 976; x_wconf 91' lang='lat' dir='ltr'>et</span> <span class='ocrx_word' id='word_1_13' title='bbox 582 914 651 995; x_wconf 91' lang='lat' dir='ltr'>ipse</span> <span class='ocrx_word' id='word_1_14' title='bbox 674 911 815 977; x_wconf 80' lang='lat' dir='ltr'>saitcm’&#39;.</span> <span class='ocrx_word' id='word_1_15' title='bbox 839 911 938 985; x_wconf 75' lang='grc' dir='ltr'><em>ἐπειδη</em></span> <span class='ocrx_word' id='word_1_16' title='bbox 961 912 993 976; x_wconf 78' lang='grc' dir='ltr'>δὲ</span> <span class='ocrx_word' id='word_1_17' title='bbox 1014 910 1135 987; x_wconf 78' lang='grc' dir='ltr'><em>θνθστη,</em></span> <span class='ocrx_word' id='word_1_18' title='bbox 1160 912 1256 986; x_wconf 73' lang='grc' dir='ltr'><em>διῆλθε</em></span> <span class='ocrx_word' id='word_1_19' title='bbox 1279 912 1462 993; x_wconf 78' lang='grc' dir='ltr'><em>μιμούμενος</em></span> 
     </span>
     <span class='ocr_line' id='line_1_4' title="bbox 337 1022 1462 1106; baseline 0.007 -20"><span class='ocrx_word' id='word_1_20' title='bbox 337 1022 390 1098; x_wconf 77' lang='grc' dir='ltr'>την</span> <span class='ocrx_word' id='word_1_21' title='bbox 413 1047 446 1088; x_wconf 85' lang='grc' dir='ltr'>τε</span> <span class='ocrx_word' id='word_1_22' title='bbox 469 1029 519 1089; x_wconf 84' lang='grc' dir='ltr'>τοῦ</span> <span class='ocrx_word' id='word_1_23' title='bbox 543 1025 646 1097; x_wconf 78' lang='grc' dir='ltr'><em>παιδὸς</em></span> <span class='ocrx_word' id='word_1_24' title='bbox 669 1023 720 1089; x_wconf 75' lang='grc' dir='ltr'>καὶ</span> <span class='ocrx_word' id='word_1_25' title='bbox 744 1023 797 1098; x_wconf 75' lang='grc' dir='ltr'>την</span> <span class='ocrx_word' id='word_1_26' title='bbox 819 1032 872 1099; x_wconf 75' lang='grc' dir='ltr'>τῆς</span> <span class='ocrx_word' id='word_1_27' title='bbox 896 1024 999 1098; x_wconf 79' lang='grc' dir='ltr'><em>ταιδδς</em></span> <span class='ocrx_word' id='word_1_28' title='bbox 1022 1023 1149 1106; x_wconf 80' lang='grc' dir='ltr'><em>θρχησιν.</em></span> <span class='ocrx_word' id='word_1_29' title='bbox 1173 1027 1261 1092; x_wconf 88' lang='lat' dir='ltr'>Num</span> <span class='ocrx_word' id='word_1_30' title='bbox 1282 1049 1396 1093; x_wconf 88' lang='lat' dir='ltr'>sanum</span> <span class='ocrx_word' id='word_1_31' title='bbox 1418 1031 1462 1094; x_wconf 85' lang='lat' dir='ltr'>sit</span> 
     </span>
     <span class='ocr_line' id='line_1_5' title="bbox 336 1136 1460 1228; baseline 0.006 -28"><span class='ocrx_word' id='word_1_32' title='bbox 336 1136 442 1210; x_wconf 83' lang='grc' dir='ltr'><em>νἰνέστη</em></span> <span class='ocrx_word' id='word_1_33' title='bbox 477 1140 681 1204; x_wconf 88' lang='lat' dir='ltr'>vehementer</span> <span class='ocrx_word' id='word_1_34' title='bbox 714 1139 832 1205; x_wconf 90' lang='lat' dir='ltr'>dubito.</span> <span class='ocrx_word' id='word_1_35' title='bbox 865 1138 949 1204; x_wconf 90' lang='lat' dir='ltr'>Nam</span> <span class='ocrx_word' id='word_1_36' title='bbox 980 1139 1209 1207; x_wconf 89' lang='lat' dir='ltr'>absurdissime</span> <span class='ocrx_word' id='word_1_37' title='bbox 1242 1143 1280 1208; x_wconf 91' lang='lat' dir='ltr'>de</span> <span class='ocrx_word' id='word_1_38' title='bbox 1310 1142 1460 1228; x_wconf 88' lang='lat' dir='ltr'>Phiiippo</span> 
     </span>
     <span class='ocr_line' id='line_1_6' title="bbox 337 1252 1460 1340; baseline 0.004 -25"><span class='ocrx_word' id='word_1_39' title='bbox 337 1252 457 1318; x_wconf 90' lang='lat' dir='ltr'>dictum</span> <span class='ocrx_word' id='word_1_40' title='bbox 492 1258 594 1318; x_wconf 85' lang='lat' dir='ltr'>esset:</span> <span class='ocrx_word' id='word_1_41' title='bbox 628 1254 701 1336; x_wconf 89' lang='lat' dir='ltr'>quis</span> <span class='ocrx_word' id='word_1_42' title='bbox 731 1255 817 1317; x_wconf 90' lang='lat' dir='ltr'>enim</span> <span class='ocrx_word' id='word_1_43' title='bbox 850 1272 914 1317; x_wconf 93' lang='lat' dir='ltr'>non</span> <span class='ocrx_word' id='word_1_44' title='bbox 947 1253 986 1318; x_wconf 94' lang='lat' dir='ltr'>de</span> <span class='ocrx_word' id='word_1_45' title='bbox 1008 1254 1126 1319; x_wconf 88' lang='lat' dir='ltr'>lectulo</span> <span class='ocrx_word' id='word_1_46' title='bbox 1151 1256 1262 1340; x_wconf 85' lang='lat' dir='ltr'>surgit,</span> <span class='ocrx_word' id='word_1_47' title='bbox 1287 1261 1460 1340; x_wconf 82' lang='lat' dir='ltr'>antequam</span> 
     </span>
     <span class='ocr_line' id='line_1_7' title="bbox 337 1364 1460 1451; baseline 0.004 -21"><span class='ocrx_word' id='word_1_48' title='bbox 337 1365 450 1431; x_wconf 89' lang='lat' dir='ltr'>saltare</span> <span class='ocrx_word' id='word_1_49' title='bbox 483 1366 636 1451; x_wconf 78' lang='lat' dir='ltr'>incipiat?</span> <span class='ocrx_word' id='word_1_50' title='bbox 670 1364 784 1450; x_wconf 84' lang='lat' dir='ltr'>Neque</span> <span class='ocrx_word' id='word_1_51' title='bbox 814 1366 931 1430; x_wconf 84' lang='lat' dir='ltr'>tibicen</span> <span class='ocrx_word' id='word_1_52' title='bbox 962 1368 1031 1432; x_wconf 91' lang='lat' dir='ltr'>eius</span> <span class='ocrx_word' id='word_1_53' title='bbox 1061 1367 1152 1432; x_wconf 88' lang='lat' dir='ltr'>verbi</span> <span class='ocrx_word' id='word_1_54' title='bbox 1183 1367 1364 1433; x_wconf 92' lang='lat' dir='ltr'>subiectum</span> <span class='ocrx_word' id='word_1_55' title='bbox 1389 1388 1460 1434; x_wconf 87' lang='lat' dir='ltr'>esse</span> 
     </span>
     <span class='ocr_line' id='line_1_8' title="bbox 336 1479 1460 1566; baseline 0.004 -24"><span class='ocrx_word' id='word_1_56' title='bbox 336 1485 447 1563; x_wconf 86' lang='lat' dir='ltr'>potest,</span> <span class='ocrx_word' id='word_1_57' title='bbox 471 1481 635 1563; x_wconf 90' lang='lat' dir='ltr'>quianon</span> <span class='ocrx_word' id='word_1_58' title='bbox 657 1484 826 1564; x_wconf 83' lang='lat' dir='ltr'>postquam</span> <span class='ocrx_word' id='word_1_59' title='bbox 851 1479 905 1544; x_wconf 89' lang='lat' dir='ltr'>ille</span> <span class='ocrx_word' id='word_1_60' title='bbox 924 1479 1070 1563; x_wconf 68' lang='lat' dir='ltr'>serravit,</span> <span class='ocrx_word' id='word_1_61' title='bbox 1091 1481 1145 1546; x_wconf 90' lang='lat' dir='ltr'>sed</span> <span class='ocrx_word' id='word_1_62' title='bbox 1163 1486 1334 1566; x_wconf 82' lang='lat' dir='ltr'>postquam</span> <span class='ocrx_word' id='word_1_63' title='bbox 1346 1501 1460 1546; x_wconf 83' lang='grc' dir='ltr'><em>οονιονο</em></span> 
     </span>
     <span class='ocr_line' id='line_1_9' title="bbox 336 1593 1457 1679; baseline 0.002 -21"><span class='ocrx_word' id='word_1_64' title='bbox 336 1594 440 1676; x_wconf 76' lang='lat' dir='ltr'>coepit,</span> <span class='ocrx_word' id='word_1_65' title='bbox 462 1613 543 1678; x_wconf 90' lang='lat' dir='ltr'>puer</span> <span class='ocrx_word' id='word_1_66' title='bbox 569 1599 599 1658; x_wconf 88' lang='lat' dir='ltr'>et</span> <span class='ocrx_word' id='word_1_67' title='bbox 623 1593 731 1678; x_wconf 89' lang='lat' dir='ltr'>puella</span> <span class='ocrx_word' id='word_1_68' title='bbox 755 1613 829 1658; x_wconf 91' lang='lat' dir='ltr'>cum</span> <span class='ocrx_word' id='word_1_69' title='bbox 851 1595 956 1678; x_wconf 88' lang='lat' dir='ltr'>iisque</span> <span class='ocrx_word' id='word_1_70' title='bbox 979 1593 1147 1679; x_wconf 85' lang='lat' dir='ltr'>Phiiippus</span> <span class='ocrx_word' id='word_1_71' title='bbox 1170 1595 1307 1660; x_wconf 86' lang='lat' dir='ltr'>saltandi</span> <span class='ocrx_word' id='word_1_72' title='bbox 1329 1597 1457 1661; x_wconf 90' lang='lat' dir='ltr'>initium</span> 
     </span>
     <span class='ocr_line' id='line_1_10' title="bbox 336 1705 993 1792; baseline 0.002 -23"><span class='ocrx_word' id='word_1_73' title='bbox 336 1706 488 1772; x_wconf 87' lang='lat' dir='ltr'>fecerunt.</span> <span class='ocrx_word' id='word_1_74' title='bbox 513 1705 597 1783; x_wconf 80' lang='lat' dir='ltr'>Quid</span> <span class='ocrx_word' id='word_1_75' title='bbox 619 1707 790 1792; x_wconf 86' lang='lat' dir='ltr'>legendum</span> <span class='ocrx_word' id='word_1_76' title='bbox 814 1708 856 1772; x_wconf 87' lang='lat' dir='ltr'>sit</span> <span class='ocrx_word' id='word_1_77' title='bbox 877 1707 993 1771; x_wconf 90' lang='lat' dir='ltr'>nescio.</span> 
     </span>
    </p>

    <p class='ocr_par' dir='ltr' id='par_1_3' title="bbox 336 1819 1460 2247">
     <span class='ocr_line' id='line_1_11' title="bbox 382 1819 1458 1905; baseline 0.004 -22"><span class='ocrx_word' id='word_1_78' title='bbox 382 1819 484 1905; x_wconf 78' lang='lat' dir='ltr'>Caput</span> <span class='ocrx_word' id='word_1_79' title='bbox 517 1820 575 1903; x_wconf 89' lang='lat' dir='ltr'>IH,</span> <span class='ocrx_word' id='word_1_80' title='bbox 609 1823 638 1884; x_wconf 82' lang='lat'>4.</span> <span class='ocrx_word' id='word_1_81' title='bbox 673 1820 738 1885; x_wconf 91' lang='lat' dir='ltr'>Ubi</span> <span class='ocrx_word' id='word_1_82' title='bbox 774 1819 889 1885; x_wconf 80' lang='lat' dir='ltr'>Gallias</span> <span class='ocrx_word' id='word_1_83' title='bbox 921 1840 956 1886; x_wconf 87' lang='lat' dir='ltr'>se</span> <span class='ocrx_word' id='word_1_84' title='bbox 985 1821 1130 1885; x_wconf 91' lang='lat' dir='ltr'>homines</span> <span class='ocrx_word' id='word_1_85' title='bbox 1155 1823 1301 1887; x_wconf 91' lang='lat' dir='ltr'>meliores</span> <span class='ocrx_word' id='word_1_86' title='bbox 1323 1822 1458 1887; x_wconf 88' lang='lat' dir='ltr'>reddere</span> 
     </span>
     <span class='ocr_line' id='line_1_12' title="bbox 336 1931 1460 2018; baseline 0 -20"><span class='ocrx_word' id='word_1_87' title='bbox 336 1953 430 2018; x_wconf 90' lang='lat' dir='ltr'>posse</span> <span class='ocrx_word' id='word_1_88' title='bbox 458 1934 621 2018; x_wconf 86' lang='lat' dir='ltr'>professus</span> <span class='ocrx_word' id='word_1_89' title='bbox 652 1940 707 2017; x_wconf 88' lang='lat' dir='ltr'>est,</span> <span class='ocrx_word' id='word_1_90' title='bbox 730 1933 937 1999; x_wconf 86' lang='lat' dir='ltr'>Antisthenes</span> <span class='ocrx_word' id='word_1_91' title='bbox 960 1939 1066 2018; x_wconf 82' lang='lat' dir='ltr'>rogat:</span> <span class='ocrx_word' id='word_1_92' title='bbox 1094 1931 1234 2015; x_wconf 74' lang='grc' dir='ltr'>,πότερον</span> <span class='ocrx_word' id='word_1_93' title='bbox 1258 1933 1367 2014; x_wconf 75' lang='grc' dir='ltr'><em>τέχνην</em></span> <span class='ocrx_word' id='word_1_94' title='bbox 1392 1937 1460 1999; x_wconf 76' lang='grc' dir='ltr'><em>τινα</em></span> 
     </span>
     <span class='ocr_line' id='line_1_13' title="bbox 337 2045 1457 2133; baseline 0.002 -23"><span class='ocrx_word' id='word_1_95' title='bbox 337 2047 518 2126; x_wconf 69' lang='grc' dir='ltr'><em>βαναυσικῗην</em></span> <span class='ocrx_word' id='word_1_96' title='bbox 548 2045 565 2121; x_wconf 79' lang='grc' dir='ltr'>ἢ</span> <span class='ocrx_word' id='word_1_97' title='bbox 596 2046 816 2125; x_wconf 69' lang='grc' dir='ltr'><em>καλοκάγαθίαν</em></span> <span class='ocrx_word' id='word_1_98' title='bbox 840 2046 1023 2122; x_wconf 77' lang='grc' dir='ltr'><em>διδασκων;”</em></span> <span class='ocrx_word' id='word_1_99' title='bbox 1046 2048 1159 2112; x_wconf 82' lang='lat' dir='ltr'>Statim</span> <span class='ocrx_word' id='word_1_100' title='bbox 1182 2068 1270 2113; x_wconf 86' lang='lat' dir='ltr'>nuuc</span> <span class='ocrx_word' id='word_1_101' title='bbox 1293 2051 1457 2133; x_wconf 82' lang='lat' dir='ltr'>sequitur:</span> 
     </span>
     <span class='ocr_line' id='line_1_14' title="bbox 337 2159 1459 2247; baseline 0.003 -22"><span class='ocrx_word' id='word_1_102' title='bbox 337 2162 360 2225; x_wconf 78' lang='grc' dir='ltr'>εἰ</span> <span class='ocrx_word' id='word_1_103' title='bbox 394 2161 598 2241; x_wconf 76' lang='grc' dir='ltr'><em>καλοκαγαθία</em></span> <span class='ocrx_word' id='word_1_104' title='bbox 632 2160 713 2226; x_wconf 77' lang='grc' dir='ltr'><em>ἐστὶν</em></span> <span class='ocrx_word' id='word_1_105' title='bbox 747 2162 763 2235; x_wconf 79' lang='grc' dir='ltr'><em>η</em></span> <span class='ocrx_word' id='word_1_106' title='bbox 799 2159 971 2236; x_wconf 81' lang='grc' dir='ltr'><em>δικαιοσύνη.</em></span> <span class='ocrx_word' id='word_1_107' title='bbox 1008 2160 1142 2228; x_wconf 80' lang='lat' dir='ltr'>Calliam</span> <span class='ocrx_word' id='word_1_108' title='bbox 1174 2163 1233 2227; x_wconf 93' lang='lat' dir='ltr'>hoc</span> <span class='ocrx_word' id='word_1_109' title='bbox 1255 2163 1459 2247; x_wconf 81' lang='lat' dir='ltr'>respondisse</span> 
     </span>
    </p>
   </div>
   <div class='ocr_carea' id='block_1_3' title="bbox 337 2276 1463 2371">
    <p class='ocr_par' dir='ltr' id='par_1_4' title="bbox 337 2276 1463 2371">
     <span class='ocr_line' id='line_1_15' title="bbox 337 2276 1463 2371; baseline 0.001 -31"><span class='ocrx_word' id='word_1_110' title='bbox 337 2277 556 2341; x_wconf 86' lang='lat' dir='ltr'>demonstrant</span> <span class='ocrx_word' id='word_1_111' title='bbox 579 2278 753 2360; x_wconf 89' lang='lat' dir='ltr'>sequentia,</span> <span class='ocrx_word' id='word_1_112' title='bbox 778 2295 819 2340; x_wconf 86' lang='lat' dir='ltr'>ex</span> <span class='ocrx_word' id='word_1_113' title='bbox 841 2278 920 2360; x_wconf 88' lang='lat' dir='ltr'>ipsis</span> <span class='ocrx_word' id='word_1_114' title='bbox 944 2276 1051 2340; x_wconf 85' lang='lat' dir='ltr'>verbis</span> <span class='ocrx_word' id='word_1_115' title='bbox 1073 2277 1107 2340; x_wconf 92' lang='lat' dir='ltr'>id</span> <span class='ocrx_word' id='word_1_116' title='bbox 1130 2295 1193 2341; x_wconf 93' lang='lat' dir='ltr'>uon</span> <span class='ocrx_word' id='word_1_117' title='bbox 1219 2279 1296 2341; x_wconf 86' lang='lat' dir='ltr'>satis</span> <span class='ocrx_word' id='word_1_118' title='bbox 1320 2281 1463 2371; x_wconf 71' lang='lat' dir='ltr'>apparet,</span> 
     </span>
    </p>
   </div>
   <div class='ocr_carea' id='block_1_4' title="bbox 337 2391 1459 2588">
    <p class='ocr_par' dir='ltr' id='par_1_5' title="bbox 337 2391 1459 2588">
     <span class='ocr_line' id='line_1_16' title="bbox 337 2391 1459 2474; baseline 0 -22"><span class='ocrx_word' id='word_1_119' title='bbox 337 2409 444 2474; x_wconf 91' lang='lat' dir='ltr'>neque</span> <span class='ocrx_word' id='word_1_120' title='bbox 479 2392 507 2454; x_wconf 91' lang='lat' dir='ltr'>si</span> <span class='ocrx_word' id='word_1_121' title='bbox 541 2395 703 2474; x_wconf 83' lang='lat' dir='ltr'>appareret</span> <span class='ocrx_word' id='word_1_122' title='bbox 737 2391 897 2474; x_wconf 84' lang='lat' dir='ltr'>integrum</span> <span class='ocrx_word' id='word_1_123' title='bbox 932 2395 1016 2454; x_wconf 89' lang='lat' dir='ltr'>esset</span> <span class='ocrx_word' id='word_1_124' title='bbox 1045 2409 1244 2473; x_wconf 90' lang='lat' dir='ltr'>responsum,</span> <span class='ocrx_word' id='word_1_125' title='bbox 1268 2393 1304 2454; x_wconf 88' lang='lat' dir='ltr'>ut</span> <span class='ocrx_word' id='word_1_126' title='bbox 1334 2391 1459 2473; x_wconf 90' lang='lat' dir='ltr'>opinor.</span> 
     </span>
     <span class='ocr_line' id='line_1_17' title="bbox 337 2497 1456 2588; baseline -0.002 -22"><span class='ocrx_word' id='word_1_127' title='bbox 337 2502 422 2588; x_wconf 83' lang='lat' dir='ltr'>Ergo</span> <span class='ocrx_word' id='word_1_128' title='bbox 444 2504 534 2568; x_wconf 87' lang='lat' dir='ltr'>iocus</span> <span class='ocrx_word' id='word_1_129' title='bbox 558 2505 604 2568; x_wconf 90' lang='lat' dir='ltr'>sio</span> <span class='ocrx_word' id='word_1_130' title='bbox 628 2503 825 2587; x_wconf 89' lang='lat' dir='ltr'>supplendus</span> <span class='ocrx_word' id='word_1_131' title='bbox 850 2503 992 2567; x_wconf 90' lang='lat' dir='ltr'>videtur:</span> <span class='ocrx_word' id='word_1_132' title='bbox 1017 2500 1338 2580; x_wconf 69' lang='grc' dir='ltr'><em>καλοκάγαθίαν,</em></span> <span class='ocrx_word' id='word_1_133' title='bbox 1361 2497 1456 2582; x_wconf 77' lang='grc' dir='ltr'>ἔφη,</span> 
     </span>
    </p>
   </div>
   <div class='ocr_carea' id='block_1_5' title="bbox 327 2613 1458 3835">
    <p class='ocr_par' dir='ltr' id='par_1_6' title="bbox 337 2613 930 2694">
     <span class='ocr_line' id='line_1_18' title="bbox 337 2613 930 2694; baseline -0.002 -14"><span class='ocrx_word' id='word_1_134' title='bbox 337 2616 361 2680; x_wconf 77' lang='lat' dir='ltr'>ri</span> <span class='ocrx_word' id='word_1_135' title='bbox 382 2615 589 2694; x_wconf 72' lang='grc' dir='ltr'><em>καλοκαγαθία</em></span> <span class='ocrx_word' id='word_1_136' title='bbox 612 2614 692 2681; x_wconf 75' lang='grc' dir='ltr'><em>ἐστὶν</em></span> <span class='ocrx_word' id='word_1_137' title='bbox 716 2615 732 2690; x_wconf 77' lang='grc' dir='ltr'><em>θ</em></span> <span class='ocrx_word' id='word_1_138' title='bbox 757 2613 930 2688; x_wconf 76' lang='grc' dir='ltr'><em>δικαιοσύνη.</em></span> 
     </span>
    </p>

    <p class='ocr_par' dir='ltr' id='par_1_7' title="bbox 327 2728 1458 3835">
     <span class='ocr_line' id='line_1_19' title="bbox 382 2728 1458 2814; baseline -0.001 -22"><span class='ocrx_word' id='word_1_139' title='bbox 382 2728 484 2814; x_wconf 78' lang='lat' dir='ltr'>Caput</span> <span class='ocrx_word' id='word_1_140' title='bbox 517 2729 574 2811; x_wconf 88' lang='lat' dir='ltr'>IV,</span> <span class='ocrx_word' id='word_1_141' title='bbox 605 2732 634 2794; x_wconf 90' lang='lat'>8.</span> <span class='ocrx_word' id='word_1_142' title='bbox 665 2730 860 2812; x_wconf 84' lang='lat' dir='ltr'>Niceratum,</span> <span class='ocrx_word' id='word_1_143' title='bbox 883 2731 940 2813; x_wconf 91' lang='lat' dir='ltr'>qui</span> <span class='ocrx_word' id='word_1_144' title='bbox 970 2748 1120 2813; x_wconf 88' lang='lat' dir='ltr'>ceparum</span> <span class='ocrx_word' id='word_1_145' title='bbox 1143 2748 1239 2793; x_wconf 89' lang='lat' dir='ltr'>usum</span> <span class='ocrx_word' id='word_1_146' title='bbox 1263 2728 1458 2810; x_wconf 83' lang='lat' dir='ltr'>laudaverat,</span> 
     </span>
     <span class='ocr_line' id='line_1_20' title="bbox 338 2835 1458 2922; baseline -0.004 -14"><span class='ocrx_word' id='word_1_147' title='bbox 338 2845 384 2908; x_wconf 85' lang='lat' dir='ltr'>sic</span> <span class='ocrx_word' id='word_1_148' title='bbox 416 2843 537 2909; x_wconf 84' lang='lat' dir='ltr'>deridet</span> <span class='ocrx_word' id='word_1_149' title='bbox 567 2843 767 2908; x_wconf 76' lang='lat' dir='ltr'>Charmides:</span> <span class='ocrx_word' id='word_1_150' title='bbox 801 2835 821 2905; x_wconf 81' lang='grc' dir='ltr'><em>ὦ</em></span> <span class='ocrx_word' id='word_1_151' title='bbox 849 2839 958 2922; x_wconf 72' lang='grc' dir='ltr'>ἄνδρες,</span> <span class='ocrx_word' id='word_1_152' title='bbox 984 2842 997 2905; x_wconf 85' lang='grc' dir='ltr'><em>θ</em></span> <span class='ocrx_word' id='word_1_153' title='bbox 1020 2839 1183 2921; x_wconf 74' lang='grc' dir='ltr'><em>Νικήρατος</em></span> <span class='ocrx_word' id='word_1_154' title='bbox 1206 2838 1362 2921; x_wconf 82' lang='grc' dir='ltr'><strong><em>κρομμύων</em></strong></span> <span class='ocrx_word' id='word_1_155' title='bbox 1385 2838 1458 2920; x_wconf 81' lang='grc' dir='ltr'><strong><em>ὄζων</em></strong></span> 
     </span>
     <span class='ocr_line' id='line_1_21' title="bbox 337 2952 1457 3034; baseline -0.004 -13"><span class='ocrx_word' id='word_1_156' title='bbox 337 2958 474 3033; x_wconf 72' lang='grc' dir='ltr'>ἐπιθυμεῖ</span> <span class='ocrx_word' id='word_1_157' title='bbox 501 2953 597 3020; x_wconf 70' lang='grc' dir='ltr'><em>οἴκαδε</em></span> <span class='ocrx_word' id='word_1_158' title='bbox 619 2957 720 3030; x_wconf 76' lang='grc' dir='ltr'><strong><em>ἐλθεῖν,</em></strong></span> <span class='ocrx_word' id='word_1_159' title='bbox 745 2953 791 3020; x_wconf 78' lang='grc' dir='ltr'>ἵνα</span> <span class='ocrx_word' id='word_1_160' title='bbox 815 2956 831 3029; x_wconf 75' lang='grc' dir='ltr'><em>ἦ</em></span> <span class='ocrx_word' id='word_1_161' title='bbox 856 2955 929 3033; x_wconf 72' lang='grc' dir='ltr'><em>γυνη</em></span> <span class='ocrx_word' id='word_1_162' title='bbox 952 2955 1042 3020; x_wconf 77' lang='grc' dir='ltr'><em>αὐτοῦ</em></span> <span class='ocrx_word' id='word_1_163' title='bbox 1066 2952 1187 3034; x_wconf 82' lang='grc' dir='ltr'><em>τιστεθη</em></span> <span class='ocrx_word' id='word_1_164' title='bbox 1212 2953 1255 3032; x_wconf 79' lang='grc' dir='ltr'>μη</span> <span class='ocrx_word' id='word_1_165' title='bbox 1278 2954 1457 3027; x_wconf 76' lang='grc' dir='ltr'><em>διανοηθῆναι</em></span> 
     </span>
     <span class='ocr_line' id='line_1_22' title="bbox 339 3066 1456 3153; baseline -0.004 -19"><span class='ocrx_word' id='word_1_166' title='bbox 339 3068 453 3148; x_wconf 86' lang='grc' dir='ltr'><em>μηδένα</em></span> <span class='ocrx_word' id='word_1_167' title='bbox 484 3069 520 3132; x_wconf 75' lang='lat' dir='ltr'>ab</span> <span class='ocrx_word' id='word_1_168' title='bbox 550 3075 676 3150; x_wconf 78' lang='grc' dir='ltr'><em>φιλῆσαι</em></span> <span class='ocrx_word' id='word_1_169' title='bbox 703 3068 798 3134; x_wconf 87' lang='grc' dir='ltr'><em>αθτθν.</em></span> <span class='ocrx_word' id='word_1_170' title='bbox 824 3069 1013 3134; x_wconf 85' lang='lat' dir='ltr'>Rectissime</span> <span class='ocrx_word' id='word_1_171' title='bbox 1037 3068 1175 3133; x_wconf 82' lang='lat' dir='ltr'>Cebetas</span> <span class='ocrx_word' id='word_1_172' title='bbox 1199 3087 1256 3153; x_wconf 89' lang='lat' dir='ltr'>pro</span> <span class='ocrx_word' id='word_1_173' title='bbox 1276 3067 1319 3144; x_wconf 80' lang='grc' dir='ltr'>μη</span> <span class='ocrx_word' id='word_1_174' title='bbox 1344 3066 1456 3139; x_wconf 91' lang='grc' dir='ltr'><em>διανοη-</em></span> 
     </span>
     <span class='ocr_line' id='line_1_23' title="bbox 339 3182 1454 3260; baseline -0.003 -13"><span class='ocrx_word' id='word_1_175' title='bbox 339 3184 418 3258; x_wconf 71' lang='grc' dir='ltr'><em>θῆναι</em></span> <span class='ocrx_word' id='word_1_176' title='bbox 452 3185 590 3248; x_wconf 81' lang='lat' dir='ltr'>correxit</span> <span class='ocrx_word' id='word_1_177' title='bbox 624 3182 700 3260; x_wconf 79' lang='grc' dir='ltr'><em>μηδὲ</em></span> <span class='ocrx_word' id='word_1_178' title='bbox 735 3182 921 3256; x_wconf 75' lang='grc' dir='ltr'><em>διανοηθῆναι.</em></span> <span class='ocrx_word' id='word_1_179' title='bbox 959 3182 1021 3248; x_wconf 86' lang='lat' dir='ltr'>Sed</span> <span class='ocrx_word' id='word_1_180' title='bbox 1056 3183 1127 3246; x_wconf 90' lang='lat' dir='ltr'>leve</span> <span class='ocrx_word' id='word_1_181' title='bbox 1159 3182 1311 3246; x_wconf 88' lang='lat' dir='ltr'>mendum</span> <span class='ocrx_word' id='word_1_182' title='bbox 1342 3185 1454 3246; x_wconf 83' lang='lat' dir='ltr'>restat:</span> 
     </span>
     <span class='ocr_line' id='line_1_24' title="bbox 327 3293 1455 3380; baseline -0.004 -19"><span class='ocrx_word' id='word_1_183' title='bbox 327 3317 441 3380; x_wconf 22' lang='lat' dir='ltr'>,quum</span> <span class='ocrx_word' id='word_1_184' title='bbox 475 3299 559 3361; x_wconf 91' lang='lat' dir='ltr'>enim</span> <span class='ocrx_word' id='word_1_185' title='bbox 594 3298 750 3362; x_wconf 88' lang='lat' dir='ltr'>sententia</span> <span class='ocrx_word' id='word_1_186' title='bbox 783 3300 840 3361; x_wconf 87' lang='lat' dir='ltr'>sit:</span> <span class='ocrx_word' id='word_1_187' title='bbox 880 3301 943 3377; x_wconf 87' lang='lat' dir='ltr'>„ut</span> <span class='ocrx_word' id='word_1_188' title='bbox 978 3315 1061 3361; x_wconf 87' lang='lat' dir='ltr'>uxor</span> <span class='ocrx_word' id='word_1_189' title='bbox 1091 3297 1160 3360; x_wconf 90' lang='lat' dir='ltr'>eius</span> <span class='ocrx_word' id='word_1_190' title='bbox 1190 3293 1329 3358; x_wconf 88' lang='lat' dir='ltr'>confidat</span> <span class='ocrx_word' id='word_1_191' title='bbox 1358 3294 1396 3359; x_wconf 90' lang='lat' dir='ltr'>de</span> <span class='ocrx_word' id='word_1_192' title='bbox 1417 3311 1455 3357; x_wconf 90' lang='lat' dir='ltr'>eo</span> 
     </span>
     <span class='ocr_line' id='line_1_25' title="bbox 339 3407 1455 3494; baseline -0.003 -21"><span class='ocrx_word' id='word_1_193' title='bbox 339 3410 555 3474; x_wconf 83' lang='lat' dir='ltr'>exosculando</span> <span class='ocrx_word' id='word_1_194' title='bbox 588 3429 628 3474; x_wconf 92' lang='lat' dir='ltr'>ne</span> <span class='ocrx_word' id='word_1_195' title='bbox 663 3411 817 3494; x_wconf 83' lang='lat' dir='ltr'>cogitasse</span> <span class='ocrx_word' id='word_1_196' title='bbox 852 3409 981 3493; x_wconf 92' lang='lat' dir='ltr'>quidem</span> <span class='ocrx_word' id='word_1_197' title='bbox 1015 3407 1230 3493; x_wconf 91' lang='lat' dir='ltr'>quemquam”</span> <span class='ocrx_word' id='word_1_198' title='bbox 1252 3408 1362 3473; x_wconf 90' lang='lat' dir='ltr'>nullus</span> <span class='ocrx_word' id='word_1_199' title='bbox 1386 3427 1455 3492; x_wconf 89' lang='lat' dir='ltr'>par-</span> 
     </span>
     <span class='ocr_line' id='line_1_26' title="bbox 338 3521 1455 3607; baseline -0.003 -19"><span class='ocrx_word' id='word_1_200' title='bbox 338 3524 455 3588; x_wconf 88' lang='lat' dir='ltr'>ticulae</span> <span class='ocrx_word' id='word_1_201' title='bbox 478 3521 514 3587; x_wconf 77' lang='grc' dir='ltr'>ιθν</span> <span class='ocrx_word' id='word_1_202' title='bbox 536 3525 625 3588; x_wconf 89' lang='lat' dir='ltr'>locus</span> <span class='ocrx_word' id='word_1_203' title='bbox 650 3530 705 3589; x_wconf 88' lang='lat' dir='ltr'>cst.</span> <span class='ocrx_word' id='word_1_204' title='bbox 728 3523 831 3588; x_wconf 89' lang='lat' dir='ltr'>Lubet</span> <span class='ocrx_word' id='word_1_205' title='bbox 854 3525 1068 3607; x_wconf 85' lang='lat' dir='ltr'>tepidissimos</span> <span class='ocrx_word' id='word_1_206' title='bbox 1093 3523 1247 3606; x_wconf 87' lang='lat' dir='ltr'>quosdam</span> <span class='ocrx_word' id='word_1_207' title='bbox 1272 3541 1313 3586; x_wconf 83' lang='lat' dir='ltr'>ex</span> <span class='ocrx_word' id='word_1_208' title='bbox 1331 3521 1455 3586; x_wconf 88' lang='lat' dir='ltr'>Aristo-</span> 
     </span>
     <span class='ocr_line' id='line_1_27' title="bbox 338 3635 1457 3722; baseline -0.002 -22"><span class='ocrx_word' id='word_1_209' title='bbox 338 3637 452 3721; x_wconf 88' lang='lat' dir='ltr'>phanis</span> <span class='ocrx_word' id='word_1_210' title='bbox 477 3636 812 3722; x_wconf 81' lang='lat' dir='ltr'>Thesmophoriazusis</span> <span class='ocrx_word' id='word_1_211' title='bbox 837 3636 1035 3719; x_wconf 76' lang='lat' dir='ltr'>(oea-496)</span> <span class='ocrx_word' id='word_1_212' title='bbox 1059 3655 1172 3701; x_wconf 86' lang='lat' dir='ltr'>versus</span> <span class='ocrx_word' id='word_1_213' title='bbox 1197 3636 1316 3718; x_wconf 88' lang='lat' dir='ltr'>afferre,</span> <span class='ocrx_word' id='word_1_214' title='bbox 1338 3635 1394 3699; x_wconf 93' lang='lat' dir='ltr'>ubi</span> <span class='ocrx_word' id='word_1_215' title='bbox 1417 3635 1457 3699; x_wconf 92' lang='lat' dir='ltr'>de</span> 
     </span>
     <span class='ocr_line' id='line_1_28' title="bbox 340 3751 650 3835; baseline 0 -21"><span class='ocrx_word' id='word_1_216' title='bbox 340 3751 448 3814; x_wconf 89' lang='lat' dir='ltr'>eadem</span> <span class='ocrx_word' id='word_1_217' title='bbox 473 3770 507 3816; x_wconf 90' lang='lat' dir='ltr'>re</span> <span class='ocrx_word' id='word_1_218' title='bbox 530 3752 650 3835; x_wconf 80' lang='lat' dir='ltr'>agitur:</span> 
     </span>
    </p>
   </div>
   <div class='ocr_carea' id='block_1_6' title="bbox 581 3971 1242 4397">
    <p class='ocr_par' dir='ltr' id='par_1_8' title="bbox 581 3971 1242 4397">
     <span class='ocr_line' id='line_1_29' title="bbox 583 3971 1228 4051; baseline -0.002 -14"><span class='ocrx_word' id='word_1_219' title='bbox 583 4021 611 4037; x_wconf 90' lang='lat'>..</span> <span class='ocrx_word' id='word_1_220' title='bbox 627 4021 657 4038; x_wconf 91' lang='lat'>..</span> <span class='ocrx_word' id='word_1_221' title='bbox 681 3972 752 4039; x_wconf 71' lang='grc' dir='ltr'><em>ὅταν</em></span> <span class='ocrx_word' id='word_1_222' title='bbox 775 3971 896 4051; x_wconf 67' lang='grc' dir='ltr'><em>μάλισθ’</em></span> <span class='ocrx_word' id='word_1_223' title='bbox 920 3972 976 4036; x_wconf 75' lang='lat' dir='ltr'>dard</span> <span class='ocrx_word' id='word_1_224' title='bbox 998 3996 1048 4037; x_wconf 87' lang='grc' dir='ltr'>τοο</span> <span class='ocrx_word' id='word_1_225' title='bbox 1070 3972 1228 4051; x_wconf 75' lang='grc' dir='ltr'><em>ληκώμεθα</em></span> 
     </span>
     <span class='ocr_line' id='line_1_30' title="bbox 581 4085 1239 4169; baseline -0.003 -17"><span class='ocrx_word' id='word_1_226' title='bbox 581 4087 634 4161; x_wconf 80' lang='grc' dir='ltr'>την</span> <span class='ocrx_word' id='word_1_227' title='bbox 658 4087 752 4169; x_wconf 81' lang='grc' dir='ltr'><strong><em>νύχθ’,</em></strong></span> <span class='ocrx_word' id='word_1_228' title='bbox 776 4085 857 4152; x_wconf 75' lang='grc' dir='ltr'><em>ἕωθεν</em></span> <span class='ocrx_word' id='word_1_229' title='bbox 880 4085 999 4168; x_wconf 84' lang='grc' dir='ltr'><em>σκθροδα</em></span> <span class='ocrx_word' id='word_1_230' title='bbox 1021 4085 1239 4165; x_wconf 77' lang='grc' dir='ltr'>διαμασώμεθα</span> 
     </span>
     <span class='ocr_line' id='line_1_31' title="bbox 583 4199 1242 4284; baseline -0.005 -18"><span class='ocrx_word' id='word_1_231' title='bbox 583 4199 616 4266; x_wconf 74' lang='grc' dir='ltr'>ἵν’</span> <span class='ocrx_word' id='word_1_232' title='bbox 645 4199 821 4284; x_wconf 76' lang='grc' dir='ltr'>ὀσφρόμενος</span> <span class='ocrx_word' id='word_1_233' title='bbox 843 4201 912 4283; x_wconf 76' lang='grc' dir='ltr'><em>οὶνθηι</em></span> <span class='ocrx_word' id='word_1_234' title='bbox 935 4201 994 4265; x_wconf 74' lang='lat' dir='ltr'>cirri</span> <span class='ocrx_word' id='word_1_235' title='bbox 1017 4200 1132 4280; x_wconf 80' lang='grc' dir='ltr'><em>τείχους</em></span> <span class='ocrx_word' id='word_1_236' title='bbox 1155 4200 1242 4273; x_wconf 71' lang='lat' dir='ltr'>cirria</span> 
     </span>
     <span class='ocr_line' id='line_1_32' title="bbox 584 4315 1092 4397; baseline -0.006 -17"><span class='ocrx_word' id='word_1_237' title='bbox 584 4315 675 4394; x_wconf 79' lang='grc' dir='ltr'><em>μηδὲν</em></span> <span class='ocrx_word' id='word_1_238' title='bbox 698 4315 786 4381; x_wconf 79' lang='grc' dir='ltr'><em>κακὸν</em></span> <span class='ocrx_word' id='word_1_239' title='bbox 811 4315 879 4397; x_wconf 75' lang='grc' dir='ltr'>δροῖν</span> <span class='ocrx_word' id='word_1_240' title='bbox 903 4315 1092 4388; x_wconf 76' lang='grc' dir='ltr'><em>ὑποτοπῆται.</em></span> 
     </span>
    </p>
   </div>
   <div class='ocr_carea' id='block_1_7' title="bbox 0 0 1678 5262">
    <p class='ocr_par' dir='ltr' id='par_1_9' title="bbox 0 0 1678 5262">
     <span class='ocr_line' id='line_1_33' title="bbox 0 0 1678 5262; baseline 0 0"><span class='ocrx_word' id='word_1_241' title='bbox 0 0 1678 5262; x_wconf 95' lang='lat' dir='ltr'> </span> 
     </span>
    </p>
   </div>
  </div>
 </body>
</html>
