<?xml version="1.0" encoding="UTF-8"?>
<!DOCTYPE html PUBLIC "-//W3C//DTD XHTML 1.0 Transitional//EN"
    "http://www.w3.org/TR/xhtml1/DTD/xhtml1-transitional.dtd">
<html xmlns="http://www.w3.org/1999/xhtml" xml:lang="en" lang="en">
 <head>
  <title>
</title>
<meta http-equiv="Content-Type" content="text/html;charset=utf-8" />
  <meta name='ocr-system' content='tesseract 3.04.00' />
  <meta name='ocr-capabilities' content='ocr_page ocr_carea ocr_par ocr_line ocrx_word'/>
</head>
<body>
  <div class='ocr_page' id='page_1' title='image "./analectaxenopho00hartgoog_0393.png"; bbox 0 0 3330 5262; ppageno 0'>
   <div class='ocr_carea' id='block_1_1' title="bbox 864 605 928 676">
    <p class='ocr_par' dir='ltr' id='par_1_1' title="bbox 864 605 928 676">
     <span class='ocr_line' id='line_1_1' title="bbox 864 605 928 676; baseline -0.125 -1"><span class='ocrx_word' id='word_1_1' title='bbox 864 605 928 676; x_wconf 73' lang='lat'>378</span> 
     </span>
    </p>
   </div>
   <div class='ocr_carea' id='block_1_2' title="bbox 330 790 1523 2575">
    <p class='ocr_par' dir='ltr' id='par_1_2' title="bbox 331 790 1460 1554">
     <span class='ocr_line' id='line_1_2' title="bbox 334 790 1460 876; baseline 0 -22"><span class='ocrx_word' id='word_1_2' title='bbox 334 792 361 854; x_wconf 90' lang='lat' dir='ltr'>si</span> <span class='ocrx_word' id='word_1_3' title='bbox 393 791 467 875; x_wconf 92' lang='lat' dir='ltr'>quis</span> <span class='ocrx_word' id='word_1_4' title='bbox 493 793 612 855; x_wconf 85' lang='lat' dir='ltr'>civium</span> <span class='ocrx_word' id='word_1_5' title='bbox 636 791 734 872; x_wconf 81' lang='lat' dir='ltr'>adest,</span> <span class='ocrx_word' id='word_1_6' title='bbox 757 790 850 854; x_wconf 90' lang='lat' dir='ltr'>illum</span> <span class='ocrx_word' id='word_1_7' title='bbox 872 792 964 875; x_wconf 88' lang='lat' dir='ltr'>prius</span> <span class='ocrx_word' id='word_1_8' title='bbox 987 809 1061 854; x_wconf 88' lang='lat' dir='ltr'>oum</span> <span class='ocrx_word' id='word_1_9' title='bbox 1088 791 1236 875; x_wconf 77' lang='lat' dir='ltr'>Agesilao</span> <span class='ocrx_word' id='word_1_10' title='bbox 1259 791 1348 876; x_wconf 92' lang='lat' dir='ltr'>loqui</span> <span class='ocrx_word' id='word_1_11' title='bbox 1371 793 1460 873; x_wconf 66' lang='lat' dir='ltr'>sinit7</span> 
     </span>
     <span class='ocr_line' id='line_1_3' title="bbox 333 901 1459 988; baseline 0 -20"><span class='ocrx_word' id='word_1_12' title='bbox 333 904 448 980; x_wconf 83' lang='lat' dir='ltr'>deinde</span> <span class='ocrx_word' id='word_1_13' title='bbox 477 903 666 988; x_wconf 89' lang='lat' dir='ltr'>hospitibus,</span> <span class='ocrx_word' id='word_1_14' title='bbox 687 907 847 987; x_wconf 89' lang='lat' dir='ltr'>postremo</span> <span class='ocrx_word' id='word_1_15' title='bbox 871 904 966 968; x_wconf 87' lang='lat' dir='ltr'>etiam</span> <span class='ocrx_word' id='word_1_16' title='bbox 988 902 1118 968; x_wconf 88' lang='lat' dir='ltr'>famulis</span> <span class='ocrx_word' id='word_1_17' title='bbox 1141 905 1294 970; x_wconf 83' lang='lat' dir='ltr'>concedit.</span> <span class='ocrx_word' id='word_1_18' title='bbox 1317 901 1400 976; x_wconf 71' lang='grc' dir='ltr'><em>τέλος</em></span> <span class='ocrx_word' id='word_1_19' title='bbox 1425 903 1459 968; x_wconf 76' lang='grc' dir='ltr'>δὲ</span> 
     </span>
     <span class='ocr_line' id='line_1_4' title="bbox 331 1013 1456 1096; baseline 0 -16"><span class='ocrx_word' id='word_1_20' title='bbox 331 1013 396 1080; x_wconf 75' lang='grc' dir='ltr'>ἐπεὶ</span> <span class='ocrx_word' id='word_1_21' title='bbox 419 1015 479 1080; x_wconf 69' lang='grc' dir='ltr'>ἀπὸ</span> <span class='ocrx_word' id='word_1_22' title='bbox 502 1021 554 1080; x_wconf 83' lang='grc' dir='ltr'><em>τοῦ</em></span> <span class='ocrx_word' id='word_1_23' title='bbox 576 1015 698 1096; x_wconf 83' lang='grc' dir='ltr'><em>Εώρώτα</em></span> <span class='ocrx_word' id='word_1_24' title='bbox 720 1015 813 1079; x_wconf 72' lang='lat' dir='ltr'>riardo</span> <span class='ocrx_word' id='word_1_25' title='bbox 835 1015 849 1078; x_wconf 83' lang='grc' dir='ltr'>ὁ</span> <span class='ocrx_word' id='word_1_26' title='bbox 871 1014 1055 1092; x_wconf 75' lang='grc' dir='ltr'><em>Ἀγησίλαος</em></span> <span class='ocrx_word' id='word_1_27' title='bbox 1078 1015 1206 1090; x_wconf 77' lang='grc' dir='ltr'><em>εἰσῆλθεν</em></span> <span class='ocrx_word' id='word_1_28' title='bbox 1230 1013 1335 1089; x_wconf 77' lang='grc' dir='ltr'><em>οἴκαδε,</em></span> <span class='ocrx_word' id='word_1_29' title='bbox 1359 1018 1456 1081; x_wconf 80' lang='grc' dir='ltr'><em>οὶτνὼν</em></span> 
     </span>
     <span class='ocr_line' id='line_1_5' title="bbox 333 1127 1459 1213; baseline 0.003 -21"><span class='ocrx_word' id='word_1_30' title='bbox 333 1131 427 1209; x_wconf 78' lang='grc' dir='ltr'><em>ᾤχετο</em></span> <span class='ocrx_word' id='word_1_31' title='bbox 457 1129 521 1193; x_wconf 76' lang='grc' dir='ltr'><em>οὐδὲ</em></span> <span class='ocrx_word' id='word_1_32' title='bbox 550 1129 719 1209; x_wconf 74' lang='grc' dir='ltr'><em>προσελθών.</em></span> <span class='ocrx_word' id='word_1_33' title='bbox 753 1127 837 1206; x_wconf 81' lang='lat' dir='ltr'>Quid</span> <span class='ocrx_word' id='word_1_34' title='bbox 868 1128 929 1194; x_wconf 89' lang='lat' dir='ltr'>sub</span> <span class='ocrx_word' id='word_1_35' title='bbox 961 1129 1093 1194; x_wconf 84' lang='lat' dir='ltr'>vocibus</span> <span class='ocrx_word' id='word_1_36' title='bbox 1122 1133 1174 1194; x_wconf 82' lang='grc' dir='ltr'><em>τοῦ</em></span> <span class='ocrx_word' id='word_1_37' title='bbox 1202 1129 1327 1210; x_wconf 85' lang='grc' dir='ltr'><em>Εὐρώτα</em></span> <span class='ocrx_word' id='word_1_38' title='bbox 1350 1131 1459 1213; x_wconf 79' lang='lat' dir='ltr'>lateat,</span> 
     </span>
     <span class='ocr_line' id='line_1_6' title="bbox 332 1243 1458 1327; baseline 0.004 -21"><span class='ocrx_word' id='word_1_39' title='bbox 332 1262 389 1327; x_wconf 97' lang='lat' dir='ltr'>pro</span> <span class='ocrx_word' id='word_1_40' title='bbox 421 1249 505 1307; x_wconf 87' lang='lat' dir='ltr'>certo</span> <span class='ocrx_word' id='word_1_41' title='bbox 537 1243 665 1327; x_wconf 84' lang='lat' dir='ltr'>quidem</span> <span class='ocrx_word' id='word_1_42' title='bbox 696 1248 835 1307; x_wconf 87' lang='lat' dir='ltr'>statuere</span> <span class='ocrx_word' id='word_1_43' title='bbox 866 1263 929 1306; x_wconf 92' lang='lat' dir='ltr'>non</span> <span class='ocrx_word' id='word_1_44' title='bbox 962 1243 1080 1322; x_wconf 85' lang='lat' dir='ltr'>audeo;</span> <span class='ocrx_word' id='word_1_45' title='bbox 1110 1244 1166 1310; x_wconf 87' lang='lat' dir='ltr'>sod</span> <span class='ocrx_word' id='word_1_46' title='bbox 1190 1264 1284 1310; x_wconf 89' lang='lat' dir='ltr'>sanas</span> <span class='ocrx_word' id='word_1_47' title='bbox 1308 1263 1361 1310; x_wconf 80' lang='lat' dir='ltr'>eas</span> <span class='ocrx_word' id='word_1_48' title='bbox 1385 1264 1458 1310; x_wconf 89' lang='lat' dir='ltr'>esse</span> 
     </span>
     <span class='ocr_line' id='line_1_7' title="bbox 332 1356 1458 1440; baseline 0.003 -21"><span class='ocrx_word' id='word_1_49' title='bbox 332 1358 389 1420; x_wconf 77' lang='lat' dir='ltr'>rix</span> <span class='ocrx_word' id='word_1_50' title='bbox 423 1357 525 1420; x_wconf 88' lang='lat' dir='ltr'>oredo.</span> <span class='ocrx_word' id='word_1_51' title='bbox 549 1357 602 1420; x_wconf 91' lang='lat' dir='ltr'>An</span> <span class='ocrx_word' id='word_1_52' title='bbox 626 1374 814 1420; x_wconf 82' lang='lat' dir='ltr'>censeamus</span> <span class='ocrx_word' id='word_1_53' title='bbox 838 1356 980 1440; x_wconf 83' lang='lat' dir='ltr'>quotidie</span> <span class='ocrx_word' id='word_1_54' title='bbox 1002 1361 1147 1420; x_wconf 89' lang='lat' dir='ltr'>natatum</span> <span class='ocrx_word' id='word_1_55' title='bbox 1172 1357 1212 1432; x_wconf 92' lang='lat' dir='ltr'>ad</span> <span class='ocrx_word' id='word_1_56' title='bbox 1235 1357 1356 1421; x_wconf 88' lang='lat' dir='ltr'>flumen</span> <span class='ocrx_word' id='word_1_57' title='bbox 1378 1359 1458 1423; x_wconf 88' lang='lat' dir='ltr'>iisse</span> 
     </span>
     <span class='ocr_line' id='line_1_8' title="bbox 333 1467 1455 1554; baseline 0.002 -20"><span class='ocrx_word' id='word_1_58' title='bbox 333 1470 546 1554; x_wconf 82' lang='lat' dir='ltr'>Agesilaum?</span> <span class='ocrx_word' id='word_1_59' title='bbox 570 1469 722 1553; x_wconf 85' lang='lat' dir='ltr'>Suspicor</span> <span class='ocrx_word' id='word_1_60' title='bbox 744 1475 852 1534; x_wconf 87' lang='lat' dir='ltr'>tamen</span> <span class='ocrx_word' id='word_1_61' title='bbox 874 1470 1045 1554; x_wconf 86' lang='lat' dir='ltr'>legendum</span> <span class='ocrx_word' id='word_1_62' title='bbox 1069 1489 1139 1534; x_wconf 91' lang='lat' dir='ltr'>esse</span> <span class='ocrx_word' id='word_1_63' title='bbox 1162 1469 1223 1532; x_wconf 81' lang='grc' dir='ltr'><em>οὶτὸ</em></span> <span class='ocrx_word' id='word_1_64' title='bbox 1247 1476 1300 1542; x_wconf 78' lang='grc' dir='ltr'><em>τῆς</em></span> <span class='ocrx_word' id='word_1_65' title='bbox 1321 1467 1455 1550; x_wconf 81' lang='grc' dir='ltr'><em>Γεροίας.</em></span> 
     </span>
    </p>

    <p class='ocr_par' dir='ltr' id='par_1_3' title="bbox 330 1581 1523 2462">
     <span class='ocr_line' id='line_1_9' title="bbox 376 1581 1456 1667; baseline 0.002 -21"><span class='ocrx_word' id='word_1_66' title='bbox 376 1582 433 1664; x_wconf 86' lang='lat' dir='ltr'>IV,</span> <span class='ocrx_word' id='word_1_67' title='bbox 458 1584 508 1647; x_wconf 90' lang='grc'>30.</span> <span class='ocrx_word' id='word_1_68' title='bbox 534 1581 653 1647; x_wconf 82' lang='lat' dir='ltr'>Graeea</span> <span class='ocrx_word' id='word_1_69' title='bbox 676 1602 742 1646; x_wconf 92' lang='lat' dir='ltr'>non</span> <span class='ocrx_word' id='word_1_70' title='bbox 766 1601 836 1647; x_wconf 86' lang='lat' dir='ltr'>esse</span> <span class='ocrx_word' id='word_1_71' title='bbox 859 1582 1017 1664; x_wconf 88' lang='lat' dir='ltr'>videntur,</span> <span class='ocrx_word' id='word_1_72' title='bbox 1038 1601 1120 1666; x_wconf 84' lang='lat' dir='ltr'>quae</span> <span class='ocrx_word' id='word_1_73' title='bbox 1140 1583 1311 1666; x_wconf 90' lang='lat' dir='ltr'>Agesilaus</span> <span class='ocrx_word' id='word_1_74' title='bbox 1322 1602 1456 1667; x_wconf 87' lang='lat' dir='ltr'>respon·</span> 
     </span>
     <span class='ocr_line' id='line_1_10' title="bbox 332 1694 1454 1780; baseline -0.002 -20"><span class='ocrx_word' id='word_1_75' title='bbox 332 1696 417 1760; x_wconf 90' lang='lat' dir='ltr'>disse</span> <span class='ocrx_word' id='word_1_76' title='bbox 440 1695 542 1760; x_wconf 85' lang='lat' dir='ltr'>fertur</span> <span class='ocrx_word' id='word_1_77' title='bbox 563 1695 630 1760; x_wconf 90' lang='lat' dir='ltr'>filio</span> <span class='ocrx_word' id='word_1_78' title='bbox 654 1714 712 1780; x_wconf 92' lang='lat' dir='ltr'>pro</span> <span class='ocrx_word' id='word_1_79' title='bbox 734 1695 890 1779; x_wconf 87' lang='lat' dir='ltr'>Sphodria</span> <span class='ocrx_word' id='word_1_80' title='bbox 910 1695 1069 1759; x_wconf 89' lang='lat' dir='ltr'>auxilium</span> <span class='ocrx_word' id='word_1_81' title='bbox 1088 1695 1286 1779; x_wconf 85' lang='lat' dir='ltr'>imploranti:</span> <span class='ocrx_word' id='word_1_82' title='bbox 1306 1695 1389 1758; x_wconf 71' lang='lat' dir='ltr'>elaad</span> <span class='ocrx_word' id='word_1_83' title='bbox 1406 1694 1454 1760; x_wconf 77' lang='grc' dir='ltr'>σοὶ</span> 
     </span>
     <span class='ocr_line' id='line_1_11' title="bbox 332 1804 1456 1887; baseline 0 -16"><span class='ocrx_word' id='word_1_84' title='bbox 332 1809 387 1886; x_wconf 81' lang='grc' dir='ltr'>μὲν</span> <span class='ocrx_word' id='word_1_85' title='bbox 417 1804 513 1886; x_wconf 84' lang='grc' dir='ltr'><em>έγαγε</em></span> <span class='ocrx_word' id='word_1_86' title='bbox 547 1807 727 1886; x_wconf 70' lang='grc' dir='ltr'><em>συγγνώμην</em></span> <span class='ocrx_word' id='word_1_87' title='bbox 757 1805 830 1887; x_wconf 81' lang='grc' dir='ltr'><em>ἔχω·</em></span> <span class='ocrx_word' id='word_1_88' title='bbox 859 1807 948 1879; x_wconf 77' lang='grc' dir='ltr'><em>αὐτὸς</em></span> <span class='ocrx_word' id='word_1_89' title='bbox 978 1805 1077 1885; x_wconf 79' lang='grc' dir='ltr'><em>μέντοι</em></span> <span class='ocrx_word' id='word_1_90' title='bbox 1106 1805 1183 1880; x_wconf 75' lang='grc' dir='ltr'><em>ὄντας</em></span> <span class='ocrx_word' id='word_1_91' title='bbox 1213 1806 1250 1871; x_wconf 74' lang='grc' dir='ltr'>ἂν</span> <span class='ocrx_word' id='word_1_92' title='bbox 1272 1808 1456 1885; x_wconf 74' lang='grc' dir='ltr'><em>συγγνώμης</em></span> 
     </span>
     <span class='ocr_line' id='line_1_12' title="bbox 331 1916 1456 2004; baseline 0.001 -20"><span class='ocrx_word' id='word_1_93' title='bbox 331 1919 453 2002; x_wconf 77' lang='grc' dir='ltr'><em>τύχοιμι</em></span> <span class='ocrx_word' id='word_1_94' title='bbox 484 1920 565 2004; x_wconf 72' lang='grc' dir='ltr'><em>παρὰ</em></span> <span class='ocrx_word' id='word_1_95' title='bbox 595 1928 648 1995; x_wconf 79' lang='grc' dir='ltr'><em>τῆς</em></span> <span class='ocrx_word' id='word_1_96' title='bbox 678 1919 789 1993; x_wconf 78' lang='grc' dir='ltr'><em>πόλεως</em></span> <span class='ocrx_word' id='word_1_97' title='bbox 819 1919 910 2001; x_wconf 76' lang='grc' dir='ltr'><em>ἄνδρα</em></span> <span class='ocrx_word' id='word_1_98' title='bbox 940 1919 983 1998; x_wconf 70' lang='grc' dir='ltr'>μέν</span> <span class='ocrx_word' id='word_1_99' title='bbox 1007 1920 1257 1999; x_wconf 69' lang='grc' dir='ltr'><em>καταγιγνώσκων</em></span> <span class='ocrx_word' id='word_1_100' title='bbox 1280 1921 1391 1985; x_wconf 68' lang='lat' dir='ltr'>atrae</span> <span class='ocrx_word' id='word_1_101' title='bbox 1415 1916 1456 1996; x_wconf 79' lang='grc' dir='ltr'>οἷς</span> 
     </span>
     <span class='ocr_line' id='line_1_13' title="bbox 331 2033 1455 2116; baseline 0 -16"><span class='ocrx_word' id='word_1_102' title='bbox 331 2034 557 2116; x_wconf 72' lang='grc' dir='ltr'><em>ἐχρηματίσατο</em></span> <span class='ocrx_word' id='word_1_103' title='bbox 587 2033 636 2100; x_wconf 76' lang='grc' dir='ltr'><em>έτί</em></span> <span class='ocrx_word' id='word_1_104' title='bbox 666 2035 747 2114; x_wconf 79' lang='grc' dir='ltr'><em>κακῷ</em></span> <span class='ocrx_word' id='word_1_105' title='bbox 778 2041 832 2108; x_wconf 78' lang='grc' dir='ltr'><em>τῆς</em></span> <span class='ocrx_word' id='word_1_106' title='bbox 862 2035 973 2106; x_wconf 79' lang='grc' dir='ltr'><strong><em>πόλεως</em></strong></span> <span class='ocrx_word' id='word_1_107' title='bbox 999 2035 1059 2113; x_wconf 81' lang='grc' dir='ltr'>οὐχ</span> <span class='ocrx_word' id='word_1_108' title='bbox 1081 2033 1139 2114; x_wconf 79' lang='grc' dir='ltr'><em>ίρώ.</em></span> <span class='ocrx_word' id='word_1_109' title='bbox 1165 2035 1254 2100; x_wconf 78' lang='lat' dir='ltr'>Ferri</span> <span class='ocrx_word' id='word_1_110' title='bbox 1277 2037 1363 2100; x_wconf 90' lang='lat' dir='ltr'>enim</span> <span class='ocrx_word' id='word_1_111' title='bbox 1387 2055 1455 2100; x_wconf 91' lang='lat' dir='ltr'>uon</span> 
     </span>
     <span class='ocr_line' id='line_1_14' title="bbox 332 2145 1453 2234; baseline -0.001 -22"><span class='ocrx_word' id='word_1_112' title='bbox 332 2155 437 2234; x_wconf 88' lang='lat' dir='ltr'>potest</span> <span class='ocrx_word' id='word_1_113' title='bbox 465 2145 556 2230; x_wconf 75' lang='grc' dir='ltr'><em>ἄνδρα</em></span> <span class='ocrx_word' id='word_1_114' title='bbox 589 2151 659 2213; x_wconf 87' lang='lat' dir='ltr'>sine</span> <span class='ocrx_word' id='word_1_115' title='bbox 688 2149 832 2230; x_wconf 85' lang='lat' dir='ltr'>articulo,</span> <span class='ocrx_word' id='word_1_116' title='bbox 862 2150 927 2212; x_wconf 89' lang='lat' dir='ltr'>nisi</span> <span class='ocrx_word' id='word_1_117' title='bbox 955 2168 1052 2212; x_wconf 92' lang='lat' dir='ltr'>suum</span> <span class='ocrx_word' id='word_1_118' title='bbox 1077 2147 1255 2213; x_wconf 87' lang='lat' dir='ltr'>sibi&#39;habet</span> <span class='ocrx_word' id='word_1_119' title='bbox 1277 2167 1453 2232; x_wconf 89' lang='lat' dir='ltr'>pronomen</span> 
     </span>
     <span class='ocr_line' id='line_1_15' title="bbox 331 2251 1523 2344; baseline -0.002 -16"><span class='ocrx_word' id='word_1_120' title='bbox 331 2264 510 2344; x_wconf 76' lang='lat' dir='ltr'>relativum,</span> <span class='ocrx_word' id='word_1_121' title='bbox 544 2268 576 2326; x_wconf 92' lang='lat' dir='ltr'>et</span> <span class='ocrx_word' id='word_1_122' title='bbox 605 2261 712 2325; x_wconf 73' lang='grc' dir='ltr'><em>ώδνκεῖν</em></span> <span class='ocrx_word' id='word_1_123' title='bbox 743 2254 782 2332; x_wconf 78' lang='grc' dir='ltr'>οἷς</span> <span class='ocrx_word' id='word_1_124' title='bbox 812 2260 1038 2340; x_wconf 79' lang='grc' dir='ltr'><em>ἐχρηματίσατο</em></span> <span class='ocrx_word' id='word_1_125' title='bbox 1069 2261 1162 2324; x_wconf 87' lang='lat' dir='ltr'>nihili</span> <span class='ocrx_word' id='word_1_126' title='bbox 1185 2268 1241 2325; x_wconf 87' lang='lat' dir='ltr'>est.</span> <span class='ocrx_word' id='word_1_127' title='bbox 1265 2261 1327 2326; x_wconf 85' lang='lat' dir='ltr'>Sed</span> <span class='ocrx_word' id='word_1_128' title='bbox 1350 2261 1454 2327; x_wconf 88' lang='lat' dir='ltr'>deleto</span> <span class='ocrx_word' id='word_1_129' title='bbox 1496 2251 1523 2316; x_wconf 55' lang='lat'>‚⁴</span> 
     </span>
     <span class='ocr_line' id='line_1_16' title="bbox 330 2370 1097 2462; baseline -0.004 -21"><span class='ocrx_word' id='word_1_130' title='bbox 330 2375 421 2458; x_wconf 72' lang='grc' dir='ltr'><em>ἄνδρα</em></span> <span class='ocrx_word' id='word_1_131' title='bbox 444 2397 501 2462; x_wconf 90' lang='lat' dir='ltr'>pro</span> <span class='ocrx_word' id='word_1_132' title='bbox 524 2370 562 2449; x_wconf 76' lang='grc' dir='ltr'>οἷς</span> <span class='ocrx_word' id='word_1_133' title='bbox 585 2377 758 2461; x_wconf 89' lang='lat' dir='ltr'>legendum</span> <span class='ocrx_word' id='word_1_134' title='bbox 781 2395 851 2440; x_wconf 88' lang='lat' dir='ltr'>esse</span> <span class='ocrx_word' id='word_1_135' title='bbox 874 2395 987 2440; x_wconf 85' lang='lat' dir='ltr'>censeo</span> <span class='ocrx_word' id='word_1_136' title='bbox 1010 2373 1097 2446; x_wconf 77' lang='grc' dir='ltr'><em>ὅστις.</em></span> 
     </span>
    </p>

    <p class='ocr_par' dir='ltr' id='par_1_4' title="bbox 374 2489 1454 2575">
     <span class='ocr_line' id='line_1_17' title="bbox 374 2489 1454 2575; baseline 0 -21"><span class='ocrx_word' id='word_1_137' title='bbox 374 2490 432 2573; x_wconf 81' lang='lat' dir='ltr'>lv,</span> <span class='ocrx_word' id='word_1_138' title='bbox 455 2492 506 2568; x_wconf 78' lang='lat'>35.</span> <span class='ocrx_word' id='word_1_139' title='bbox 529 2490 581 2553; x_wconf 93' lang='lat' dir='ltr'>Ab</span> <span class='ocrx_word' id='word_1_140' title='bbox 600 2489 751 2573; x_wconf 84' lang='lat' dir='ltr'>Agesilao</span> <span class='ocrx_word' id='word_1_141' title='bbox 771 2494 884 2573; x_wconf 88' lang='lat' dir='ltr'>petunt</span> <span class='ocrx_word' id='word_1_142' title='bbox 903 2489 1021 2572; x_wconf 88' lang='lat' dir='ltr'>ephori,</span> <span class='ocrx_word' id='word_1_143' title='bbox 1041 2497 1078 2554; x_wconf 87' lang='lat' dir='ltr'>ut</span> <span class='ocrx_word' id='word_1_144' title='bbox 1096 2491 1265 2572; x_wconf 90' lang='lat' dir='ltr'>imperium</span> <span class='ocrx_word' id='word_1_145' title='bbox 1279 2492 1454 2575; x_wconf 77' lang='lat' dir='ltr'>copiarum,</span> 
     </span>
    </p>
   </div>
   <div class='ocr_carea' id='block_1_3' title="bbox 332 2600 1453 2688">
    <p class='ocr_par' dir='ltr' id='par_1_5' title="bbox 332 2600 1453 2688">
     <span class='ocr_line' id='line_1_18' title="bbox 332 2600 1453 2688; baseline -0.001 -20"><span class='ocrx_word' id='word_1_146' title='bbox 332 2623 414 2688; x_wconf 89' lang='lat' dir='ltr'>quae</span> <span class='ocrx_word' id='word_1_147' title='bbox 443 2604 598 2668; x_wconf 89' lang='lat' dir='ltr'>adversus</span> <span class='ocrx_word' id='word_1_148' title='bbox 623 2602 788 2667; x_wconf 79' lang='lat' dir='ltr'>Thebanos</span> <span class='ocrx_word' id='word_1_149' title='bbox 811 2604 992 2684; x_wconf 87' lang='lat' dir='ltr'>mittuntur,</span> <span class='ocrx_word' id='word_1_150' title='bbox 1015 2604 1183 2687; x_wconf 85' lang='lat' dir='ltr'>suscipiat:</span> <span class='ocrx_word' id='word_1_151' title='bbox 1207 2602 1221 2665; x_wconf 83' lang='grc' dir='ltr'>ὁ</span> <span class='ocrx_word' id='word_1_152' title='bbox 1245 2601 1277 2665; x_wconf 77' lang='grc' dir='ltr'>δὲ</span> <span class='ocrx_word' id='word_1_153' title='bbox 1300 2603 1385 2666; x_wconf 86' lang='grc' dir='ltr'><em>είτὼν</em></span> <span class='ocrx_word' id='word_1_154' title='bbox 1408 2600 1453 2668; x_wconf 71' lang='lat' dir='ltr'>dre</span> 
     </span>
    </p>
   </div>
   <div class='ocr_carea' id='block_1_4' title="bbox 322 2827 1452 4392">
    <p class='ocr_par' dir='ltr' id='par_1_6' title="bbox 329 2827 1452 3008">
     <span class='ocr_line' id='line_1_19' title="bbox 330 2827 1452 2914; baseline -0.001 -19"><span class='ocrx_word' id='word_1_155' title='bbox 330 2831 461 2896; x_wconf 86' lang='lat' dir='ltr'>Soloeca</span> <span class='ocrx_word' id='word_1_156' title='bbox 484 2833 659 2895; x_wconf 87' lang='lat' dir='ltr'>sententiae</span> <span class='ocrx_word' id='word_1_157' title='bbox 679 2836 839 2895; x_wconf 85' lang='lat' dir='ltr'>structura</span> <span class='ocrx_word' id='word_1_158' title='bbox 858 2832 974 2914; x_wconf 85' lang='lat' dir='ltr'>corrigi</span> <span class='ocrx_word' id='word_1_159' title='bbox 993 2836 1097 2914; x_wconf 91' lang='lat' dir='ltr'>potest</span> <span class='ocrx_word' id='word_1_160' title='bbox 1115 2830 1284 2895; x_wconf 88' lang='lat' dir='ltr'>inserendo</span> <span class='ocrx_word' id='word_1_161' title='bbox 1304 2827 1452 2914; x_wconf 67' lang='lat' dir='ltr'>lxorpost</span> 
     </span>
     <span class='ocr_line' id='line_1_20' title="bbox 329 2944 486 3008; baseline 0.006 -1"><span class='ocrx_word' id='word_1_162' title='bbox 329 2944 486 3008; x_wconf 79' lang='grc' dir='ltr'><em>ώντεντεῖν.</em></span> 
     </span>
    </p>

    <p class='ocr_par' dir='ltr' id='par_1_7' title="bbox 322 3057 1451 4164">
     <span class='ocr_line' id='line_1_21' title="bbox 373 3057 1450 3142; baseline 0 -20"><span class='ocrx_word' id='word_1_163' title='bbox 373 3058 429 3135; x_wconf 85' lang='lat' dir='ltr'>IV,</span> <span class='ocrx_word' id='word_1_164' title='bbox 467 3058 517 3121; x_wconf 86' lang='lat'>36.</span> <span class='ocrx_word' id='word_1_165' title='bbox 550 3058 590 3121; x_wconf 94' lang='lat' dir='ltr'>In</span> <span class='ocrx_word' id='word_1_166' title='bbox 621 3057 786 3122; x_wconf 83' lang='lat' dir='ltr'>Thebanos</span> <span class='ocrx_word' id='word_1_167' title='bbox 816 3057 1017 3142; x_wconf 83' lang='lat' dir='ltr'>profecturus</span> <span class='ocrx_word' id='word_1_168' title='bbox 1048 3058 1228 3142; x_wconf 85' lang='lat' dir='ltr'>Agesilaus,</span> <span class='ocrx_word' id='word_1_169' title='bbox 1251 3059 1450 3142; x_wconf 81' lang='lat' dir='ltr'>cupiensque</span> 
     </span>
     <span class='ocr_line' id='line_1_22' title="bbox 330 3149 1451 3256; baseline 0.001 -21"><span class='ocrx_word' id='word_1_170' title='bbox 330 3149 548 3236; x_wconf 79' lang='lat' dir='ltr'>Cithaeronem</span> <span class='ocrx_word' id='word_1_171' title='bbox 575 3178 765 3256; x_wconf 86' lang='lat' dir='ltr'>occupatum</span> <span class='ocrx_word' id='word_1_172' title='bbox 789 3191 859 3236; x_wconf 86' lang='lat' dir='ltr'>esse</span> <span class='ocrx_word' id='word_1_173' title='bbox 879 3171 919 3235; x_wconf 91' lang='lat' dir='ltr'>ab</span> <span class='ocrx_word' id='word_1_174' title='bbox 940 3174 1050 3236; x_wconf 87' lang='lat' dir='ltr'>amicis</span> <span class='ocrx_word' id='word_1_175' title='bbox 1072 3177 1144 3237; x_wconf 90' lang='lat' dir='ltr'>aute</span> <span class='ocrx_word' id='word_1_176' title='bbox 1157 3173 1329 3236; x_wconf 87' lang='lat' dir='ltr'>adveutum</span> <span class='ocrx_word' id='word_1_177' title='bbox 1343 3193 1451 3255; x_wconf 89' lang='lat' dir='ltr'>suum,</span> 
     </span>
     <span class='ocr_line' id='line_1_23' title="bbox 329 3284 1451 3369; baseline 0 -20"><span class='ocrx_word' id='word_1_178' title='bbox 329 3287 456 3369; x_wconf 86' lang='lat' dir='ltr'>cognito</span> <span class='ocrx_word' id='word_1_179' title='bbox 489 3284 636 3350; x_wconf 79' lang='lat' dir='ltr'>Clitorios</span> <span class='ocrx_word' id='word_1_180' title='bbox 669 3292 700 3349; x_wconf 91' lang='lat' dir='ltr'>et</span> <span class='ocrx_word' id='word_1_181' title='bbox 727 3284 955 3350; x_wconf 85' lang='lat' dir='ltr'>Orchomeuios</span> <span class='ocrx_word' id='word_1_182' title='bbox 978 3287 1063 3349; x_wconf 89' lang='lat' dir='ltr'>inter</span> <span class='ocrx_word' id='word_1_183' title='bbox 1085 3305 1120 3350; x_wconf 89' lang='lat' dir='ltr'>se</span> <span class='ocrx_word' id='word_1_184' title='bbox 1143 3285 1264 3350; x_wconf 89' lang='lat' dir='ltr'>bellum</span> <span class='ocrx_word' id='word_1_185' title='bbox 1286 3305 1396 3369; x_wconf 89' lang='lat' dir='ltr'>gerere</span> <span class='ocrx_word' id='word_1_186' title='bbox 1418 3292 1451 3350; x_wconf 88' lang='lat' dir='ltr'>et</span> 
     </span>
     <span class='ocr_line' id='line_1_24' title="bbox 329 3396 1449 3476; baseline 0.001 -14"><span class='ocrx_word' id='word_1_187' title='bbox 329 3401 563 3464; x_wconf 83' lang='lat' dir='ltr'>mercennarios</span> <span class='ocrx_word' id='word_1_188' title='bbox 588 3400 784 3464; x_wconf 84' lang='lat' dir='ltr'>conduxisse</span> <span class='ocrx_word' id='word_1_189' title='bbox 804 3397 1042 3476; x_wconf 72' lang='grc' dir='ltr'><em>ἐκοινολογήσατο</em></span> <span class='ocrx_word' id='word_1_190' title='bbox 1061 3399 1170 3470; x_wconf 80' lang='grc' dir='ltr'><em>αὐτοῖς,</em></span> <span class='ocrx_word' id='word_1_191' title='bbox 1191 3396 1268 3470; x_wconf 71' lang='grc' dir='ltr'>ὅπως</span> <span class='ocrx_word' id='word_1_192' title='bbox 1288 3396 1397 3476; x_wconf 85' lang='grc' dir='ltr'><em>γένοντο</em></span> <span class='ocrx_word' id='word_1_193' title='bbox 1415 3400 1449 3464; x_wconf 80' lang='grc' dir='ltr'><em>τὸ</em></span> 
     </span>
     <span class='ocr_line' id='line_1_25' title="bbox 329 3507 1449 3595; baseline 0.002 -21"><span class='ocrx_word' id='word_1_194' title='bbox 329 3507 435 3586; x_wconf 79' lang='grc' dir='ltr'><em>ξενικὸν</em></span> <span class='ocrx_word' id='word_1_195' title='bbox 457 3512 548 3591; x_wconf 78' lang='grc' dir='ltr'><em>αὐτῷ,</em></span> <span class='ocrx_word' id='word_1_196' title='bbox 571 3508 598 3574; x_wconf 87' lang='grc' dir='ltr'>εί</span> <span class='ocrx_word' id='word_1_197' title='bbox 617 3535 645 3574; x_wconf 88' lang='grc' dir='ltr'><em>τν</em></span> <span class='ocrx_word' id='word_1_198' title='bbox 669 3510 785 3584; x_wconf 75' lang='grc' dir='ltr'><em>δεηθείη.</em></span> <span class='ocrx_word' id='word_1_199' title='bbox 808 3511 916 3588; x_wconf 80' lang='lat' dir='ltr'>Quum</span> <span class='ocrx_word' id='word_1_200' title='bbox 936 3511 1070 3578; x_wconf 83' lang='lat' dir='ltr'>verbum</span> <span class='ocrx_word' id='word_1_201' title='bbox 1091 3509 1200 3589; x_wconf 79' lang='grc' dir='ltr'><em>γένοντο</em></span> <span class='ocrx_word' id='word_1_202' title='bbox 1219 3532 1285 3575; x_wconf 90' lang='lat' dir='ltr'>non</span> <span class='ocrx_word' id='word_1_203' title='bbox 1302 3511 1449 3595; x_wconf 86' lang='lat' dir='ltr'>praebeat</span> 
     </span>
     <span class='ocr_line' id='line_1_26' title="bbox 329 3625 1448 3710; baseline 0 -20"><span class='ocrx_word' id='word_1_204' title='bbox 329 3628 529 3708; x_wconf 84' lang='lat' dir='ltr'>sententiam,</span> <span class='ocrx_word' id='word_1_205' title='bbox 560 3645 642 3709; x_wconf 88' lang='lat' dir='ltr'>quae</span> <span class='ocrx_word' id='word_1_206' title='bbox 671 3628 723 3690; x_wconf 89' lang='lat' dir='ltr'>hio</span> <span class='ocrx_word' id='word_1_207' title='bbox 754 3627 995 3710; x_wconf 89' lang='lat' dir='ltr'>requiritur-</span> <span class='ocrx_word' id='word_1_208' title='bbox 1019 3625 1145 3690; x_wconf 88' lang='lat' dir='ltr'>volebat</span> <span class='ocrx_word' id='word_1_209' title='bbox 1167 3627 1252 3690; x_wconf 89' lang='lat' dir='ltr'>euim</span> <span class='ocrx_word' id='word_1_210' title='bbox 1277 3627 1448 3710; x_wconf 84' lang='lat' dir='ltr'>Agesilaus</span> 
     </span>
     <span class='ocr_line' id='line_1_27' title="bbox 322 3739 1448 3823; baseline -0.002 -19"><span class='ocrx_word' id='word_1_211' title='bbox 322 3745 452 3821; x_wconf 76' lang='lat' dir='ltr'>praesto</span> <span class='ocrx_word' id='word_1_212' title='bbox 483 3739 545 3804; x_wconf 90' lang='lat' dir='ltr'>sibi</span> <span class='ocrx_word' id='word_1_213' title='bbox 573 3740 645 3804; x_wconf 90' lang='lat' dir='ltr'>illos</span> <span class='ocrx_word' id='word_1_214' title='bbox 679 3741 916 3805; x_wconf 83' lang='lat' dir='ltr'>mercennarios</span> <span class='ocrx_word' id='word_1_215' title='bbox 940 3759 1020 3821; x_wconf 81' lang='lat' dir='ltr'>esse,</span> <span class='ocrx_word' id='word_1_216' title='bbox 1044 3741 1072 3803; x_wconf 89' lang='lat' dir='ltr'>si</span> <span class='ocrx_word' id='word_1_217' title='bbox 1094 3759 1175 3823; x_wconf 90' lang='lat' dir='ltr'>opus</span> <span class='ocrx_word' id='word_1_218' title='bbox 1199 3744 1282 3803; x_wconf 86' lang='lat' dir='ltr'>esset</span> <span class='ocrx_word' id='word_1_219' title='bbox 1305 3777 1345 3786; x_wconf 92' lang='lat'>-</span> <span class='ocrx_word' id='word_1_220' title='bbox 1370 3739 1448 3802; x_wconf 90' lang='lat' dir='ltr'>Rin-</span> 
     </span>
     <span class='ocr_line' id='line_1_28' title="bbox 328 3849 1448 3931; baseline 0.002 -15"><span class='ocrx_word' id='word_1_221' title='bbox 328 3853 437 3918; x_wconf 85' lang='lat' dir='ltr'>kesius</span> <span class='ocrx_word' id='word_1_222' title='bbox 462 3858 588 3918; x_wconf 86' lang='lat' dir='ltr'>nostras</span> <span class='ocrx_word' id='word_1_223' title='bbox 616 3861 647 3917; x_wconf 89' lang='lat' dir='ltr'>et</span> <span class='ocrx_word' id='word_1_224' title='bbox 669 3852 855 3918; x_wconf 81' lang='lat' dir='ltr'>Dindonius</span> <span class='ocrx_word' id='word_1_225' title='bbox 879 3855 1084 3918; x_wconf 82' lang='lat' dir='ltr'>coniecerunt</span> <span class='ocrx_word' id='word_1_226' title='bbox 1107 3849 1297 3931; x_wconf 79' lang='grc' dir='ltr'><em>προσγένοιτο.</em></span> <span class='ocrx_word' id='word_1_227' title='bbox 1322 3851 1385 3916; x_wconf 85' lang='lat' dir='ltr'>Sed</span> <span class='ocrx_word' id='word_1_228' title='bbox 1407 3873 1448 3918; x_wconf 90' lang='lat' dir='ltr'>ne</span> 
     </span>
     <span class='ocr_line' id='line_1_29' title="bbox 328 3962 1448 4050; baseline 0 -20"><span class='ocrx_word' id='word_1_229' title='bbox 328 3967 388 4030; x_wconf 88' lang='lat' dir='ltr'>hoo</span> <span class='ocrx_word' id='word_1_230' title='bbox 419 3966 547 4050; x_wconf 88' lang='lat' dir='ltr'>quidem</span> <span class='ocrx_word' id='word_1_231' title='bbox 580 3967 658 4030; x_wconf 91' lang='lat' dir='ltr'>mihi</span> <span class='ocrx_word' id='word_1_232' title='bbox 689 3965 849 4030; x_wconf 85' lang='lat' dir='ltr'>satisfacit.</span> <span class='ocrx_word' id='word_1_233' title='bbox 881 3964 980 4029; x_wconf 84' lang='lat' dir='ltr'>Credo</span> <span class='ocrx_word' id='word_1_234' title='bbox 1012 3971 1118 4030; x_wconf 89' lang='lat' dir='ltr'>autom</span> <span class='ocrx_word' id='word_1_235' title='bbox 1150 3962 1259 4041; x_wconf 85' lang='grc' dir='ltr'><em>γένοντο</em></span> <span class='ocrx_word' id='word_1_236' title='bbox 1282 3967 1317 4028; x_wconf 90' lang='lat' dir='ltr'>in</span> <span class='ocrx_word' id='word_1_237' title='bbox 1340 3965 1448 4030; x_wconf 85' lang='lat' dir='ltr'>locum</span> 
     </span>
     <span class='ocr_line' id='line_1_30' title="bbox 329 4076 1445 4164; baseline 0.003 -23"><span class='ocrx_word' id='word_1_238' title='bbox 329 4080 417 4146; x_wconf 90' lang='lat' dir='ltr'>verbi</span> <span class='ocrx_word' id='word_1_239' title='bbox 449 4076 567 4159; x_wconf 80' lang='grc' dir='ltr'><em>ὑτοέρξοο</em></span> <span class='ocrx_word' id='word_1_240' title='bbox 597 4082 779 4164; x_wconf 89' lang='lat' dir='ltr'>irrepsisse:</span> <span class='ocrx_word' id='word_1_241' title='bbox 804 4079 837 4143; x_wconf 95' lang='lat' dir='ltr'>id</span> <span class='ocrx_word' id='word_1_242' title='bbox 861 4081 944 4144; x_wconf 93' lang='lat' dir='ltr'>enim</span> <span class='ocrx_word' id='word_1_243' title='bbox 969 4080 1073 4144; x_wconf 91' lang='lat' dir='ltr'>solum</span> <span class='ocrx_word' id='word_1_244' title='bbox 1097 4079 1173 4142; x_wconf 87' lang='lat' dir='ltr'>huic</span> <span class='ocrx_word' id='word_1_245' title='bbox 1194 4080 1265 4143; x_wconf 85' lang='lat' dir='ltr'>loeo</span> <span class='ocrx_word' id='word_1_246' title='bbox 1288 4081 1445 4144; x_wconf 80' lang='lat' dir='ltr'>convenit</span> 
     </span>
    </p>

    <p class='ocr_par' dir='ltr' id='par_1_8' title="bbox 328 4192 1447 4392">
     <span class='ocr_line' id='line_1_31' title="bbox 372 4192 1447 4278; baseline 0.001 -21"><span class='ocrx_word' id='word_1_247' title='bbox 372 4194 429 4276; x_wconf 82' lang='lat' dir='ltr'>IV,</span> <span class='ocrx_word' id='word_1_248' title='bbox 460 4196 510 4258; x_wconf 86' lang='lat'>39.</span> <span class='ocrx_word' id='word_1_249' title='bbox 543 4192 650 4270; x_wconf 76' lang='lat' dir='ltr'>Quum</span> <span class='ocrx_word' id='word_1_250' title='bbox 683 4193 843 4278; x_wconf 90' lang='lat' dir='ltr'>quondam</span> <span class='ocrx_word' id='word_1_251' title='bbox 874 4195 907 4256; x_wconf 90' lang='lat' dir='ltr'>iu</span> <span class='ocrx_word' id='word_1_252' title='bbox 939 4199 1042 4257; x_wconf 84' lang='lat' dir='ltr'>eastra</span> <span class='ocrx_word' id='word_1_253' title='bbox 1066 4212 1139 4256; x_wconf 91' lang='lat' dir='ltr'>oum</span> <span class='ocrx_word' id='word_1_254' title='bbox 1164 4193 1306 4256; x_wconf 85' lang='lat' dir='ltr'>exercitu</span> <span class='ocrx_word' id='word_1_255' title='bbox 1329 4193 1447 4258; x_wconf 88' lang='lat' dir='ltr'>rediret</span> 
     </span>
     <span class='ocr_line' id='line_1_32' title="bbox 328 4306 1445 4392; baseline 0.002 -22"><span class='ocrx_word' id='word_1_256' title='bbox 328 4308 509 4392; x_wconf 87' lang='lat' dir='ltr'>Agesilaus,</span> <span class='ocrx_word' id='word_1_257' title='bbox 532 4310 656 4392; x_wconf 88' lang='lat' dir='ltr'>equites</span> <span class='ocrx_word' id='word_1_258' title='bbox 678 4306 909 4389; x_wconf 81' lang='lat' dir='ltr'>Thebanorum,</span> <span class='ocrx_word' id='word_1_259' title='bbox 934 4306 1051 4372; x_wconf 89' lang='lat' dir='ltr'>oooulti</span> <span class='ocrx_word' id='word_1_260' title='bbox 1072 4312 1174 4390; x_wconf 80' lang='lat' dir='ltr'>autea,</span> <span class='ocrx_word' id='word_1_261' title='bbox 1199 4306 1305 4371; x_wconf 90' lang='lat' dir='ltr'>subito</span> <span class='ocrx_word' id='word_1_262' title='bbox 1325 4307 1445 4372; x_wconf 84' lang='lat' dir='ltr'>evello</span> 
     </span>
    </p>
   </div>
   <div class='ocr_carea' id='block_1_5' title="bbox 0 0 1670 5262">
    <p class='ocr_par' dir='ltr' id='par_1_9' title="bbox 0 0 1670 5262">
     <span class='ocr_line' id='line_1_33' title="bbox 0 0 1670 5262; baseline 0 3"><span class='ocrx_word' id='word_1_263' title='bbox 0 0 1670 5262; x_wconf 95' lang='lat' dir='ltr'> </span> 
     </span>
    </p>
   </div>
  </div>
 </body>
</html>
