3348 5262
879 639 942 702 212

345 823 516 907 ε’ρνοίζεσίοιι
540 822 557 898 ἢ
583 826 680 896 κακῶς
703 823 904 900 ἐπιμελεῖσθαι
923 819 975 887 aa}
994 822 1027 887 πδ
1047 822 1155 896 καλῶς,
1175 825 1275 886 ποιῦποι
1288 821 1324 895 aa
1335 826 1471 888 τοσοῦτον

348 938 476 1020 διοιφὲρει
506 936 569 1002 ὅσον
593 936 610 1012 ἢ
634 935 707 1008 taor
730 934 902 1017 ἕρνοίζεσίοιι
925 933 942 1009 ἢ
966 934 1038 1007 ἕλοις
1063 935 1151 1014 ἀργὸν
1174 929 1253 1000 είνοιι.
1279 930 1348 1000 Οίον
1372 959 1471 1000 σκοιπ-

347 1050 453 1115 πίνποιν
476 1049 522 1114 ίνοι
545 1047 617 1123 ὅλος
641 1047 768 1131 κοιίοιοοιί
792 1049 823 1113 οιί
843 1047 972 1126 ἄμπελοι
993 1047 1132 1127 γένοιντοιι
1151 1047 1223 1113 otro
1243 1048 1385 1114 σκοίππειν
1398 1047 1473 1113 σ’ίσπε

345 1163 434 1228 πλείω
458 1162 510 1228 nal
535 1162 578 1241 μὴ
604 1162 674 1242 μείω
698 1161 752 1234 πῖον
775 1159 847 1236 ἷίλνν
871 1161 1014 1240 νενέσίοιι,
1040 1165 1102 1234 πῶς
1123 1163 1173 1226 οὐκ
1193 1161 1282 1243 apaan
1301 1161 1338 1226 ίιν
1359 1164 1475 1244 Φήσοιις

347 1271 427 1342 είνοιι.
457 1277 547 1344 Haeo
578 1278 671 1342 lectio
696 1281 815 1360 quanto
842 1277 990 1360 vulgatae
1014 1281 1160 1360 praestet,
1183 1279 1323 1361 quisque
1346 1298 1475 1362 compa-

348 1391 447 1455 rando
480 1396 621 1456 statuere
652 1394 763 1474 potest.
793 1389 903 1453 Pauca
925 1393 1032 1452 tamen
1055 1393 1175 1453 restant
1198 1409 1361 1474 parvaque
1385 1392 1474 1454 vitia.

347 1503 493 1568 Primum
517 1523 582 1567 non
606 1501 738 1566 verbum
763 1499 906 1565 σκοίπτειν
929 1502 1005 1565 huic
1023 1501 1093 1564 loco
1116 1503 1287 1567 convenire
1308 1503 1364 1568 sed
1376 1500 1474 1567 σκοίιι-

348 1629 417 1688 λειν,
442 1636 540 1700 supra
563 1615 781 1679 demonstrare
805 1619 939 1678 conatus
963 1634 1044 1679 sum.
1068 1612 1192 1679 Deinde
1211 1620 1282 1699 post
1302 1608 1365 1688 οἷον,
1387 1617 1475 1699 quod

349 1730 526 1793 rectissime
548 1726 648 1792 Jacob
672 1727 771 1792 edidit
793 1746 850 1810 pro
873 1722 953 1799 ίποιν,
975 1727 1166 1791 inserendus
1186 1732 1234 1791 est
1254 1728 1411 1792 articulus
1430 1727 1476 1800 τό,

351 1846 383 1905 et
404 1860 461 1925 pro
484 1838 572 1918 ἀργόν
595 1840 766 1924 legendum
792 1837 902 1919 ἀργεῖν.

393 1952 470 2036 XX,
501 1955 552 2016 23.
587 1952 708 2035 ,Pater
731 1952 811 2016 mihi
836 1951 970 2016 suadere
991 1951 1111 2017 solebat
1135 1957 1172 2016 ut
1195 1972 1288 2036 agros
1311 1954 1476 2037 neglectos

351 2085 506 2131 emerem:
538 2086 580 2131 ex
610 2065 699 2129 nulla
729 2067 814 2129 enim
838 2084 873 2129 re
896 2067 1048 2129 maiorem
1072 2066 1225 2129 laetitiam
1247 2068 1368 2151 percipi
1390 2069 1477 2132 dice-

350 2177 412 2261 bat,
443 2198 541 2262 quam
563 2198 605 2243 ex
627 2197 665 2241 ea
687 2196 770 2262 quae
793 2182 901 2242 nostro
925 2176 1033 2242 labore
1057 2178 1170 2243 melior
1191 2177 1299 2243 fieret:
1325 2178 1405 2242 οὐδὲν
1428 2172 1476 2244 οὗν

351 2288 415 2370 ἔχει
448 2290 568 2356 πλείονοι
600 2289 730 2354 ἐπίδοσιν
761 2287 778 2363 ἢ
809 2293 902 2370 χῶρος
933 2287 967 2364 ἐξ
989 2289 1081 2371 ἀργοῦ
1104 2288 1264 2372 ποίμφορος
1288 2290 1475 2370 γενόμενος.”

351 2403 501 2468 Absurde
536 2403 655 2467 Graeca
686 2402 791 2484 verba,
822 2423 905 2486 quae
936 2404 1041 2487 citavi,
1063 2403 1171 2469 addita
1194 2410 1285 2469 sunt:
1311 2411 1367 2470 aut
1390 2408 1476 2471 enim

353 2519 461 2601 inepta
488 2536 525 2581 ea
547 2517 711 2580 conclusio
735 2520 783 2580 est
806 2518 891 2596 (nam
915 2517 1104 2581 concludere
1127 2518 1249 2601 aliquid
1271 2520 1477 2602 interpolato-

352 2649 420 2694 rem
451 2628 592 2692 voluisse
622 2633 750 2712 propter
773 2629 960 2712 particulam
986 2622 1032 2692 οὖν
1056 2630 1162 2713 dicas),
1187 2636 1243 2695 aut
1266 2632 1353 2715 quod
1376 2634 1477 2697 inter-

355 2741 478 2825 polator
509 2740 636 2805 volebat
668 2742 713 2805 sic
743 2742 982 2805 enunciandum
1014 2747 1097 2806 erat:
1130 2741 1210 2806 οὐδὲν
1233 2739 1272 2806 δὲ
1297 2743 1370 2828 (vel
1393 2742 1477 2808 ἀλλὰ

355 2854 415 2933 μὴν
447 2854 546 2940 οὐδὲν)
580 2853 700 2918 πλείονοι
724 2853 853 2918 ἐπίδοσιν
875 2852 940 2934 ἔχει
962 2852 979 2928 ἢ
1003 2859 1096 2936 χῶρος
1119 2853 1219 2936 ἀργός.
1242 2856 1325 2921 Nam
1348 2856 1478 2922 ἐπίδοσιν

356 2965 436 3047 ἔχειν
459 2967 618 3052 significat
642 2968 784 3051 aliquam
807 2987 874 3032 rem
899 2969 976 3033 adeo
996 2969 1048 3032 vel
1067 2970 1243 3053 neglectam
1262 2971 1314 3034 vel
1327 2972 1475 3035 vitiosam

354 3101 433 3165 esse,
456 3086 493 3145 ut
516 3082 618 3145 multa
641 3081 803 3146 emendari
827 3087 858 3145 et
882 3083 997 3167 corrigi
1016 3084 1149 3166 possint,
1160 3085 1294 3168 ipsaque
1305 3103 1356 3149 res
1368 3085 1478 3149 multis

354 3195 541 3260 nominibus
564 3197 666 3278 possit
689 3197 809 3279 augeri,
834 3215 985 3278 crescere,
1009 3197 1122 3261 melior
1144 3197 1221 3262 fieri.

397 3307 473 3382 XX,
497 3309 549 3370 24.
575 3355 590 3388 „
599 3307 686 3370 Illud
710 3313 815 3372 autem
840 3307 1477 3392 patrismeia’atdaaaa'’(ita1schoma-

354 3421 433 3485 chus
456 3422 570 3505 pergit)
596 3469 611 3502 „
624 3440 688 3484 non
714 3422 818 3485 solum
845 3421 1054 3486 utilissimum
1079 3427 1135 3505 est,
1158 3425 1215 3488 sed
1237 3425 1333 3488 etiam
1355 3426 1396 3489 ud
1415 3426 1479 3490 dis-

354 3533 492 3596 cendum
525 3537 591 3596 tam
625 3532 729 3616 facile,
759 3530 834 3596 ίίσπε
864 3530 925 3596 νυνί
957 3531 1087 3605 ιἰκούσοις
1118 3533 1155 3596 σὺ
1178 3539 1264 3599 τοῦτο
1286 3533 1352 3614 ἐμοὶ
1376 3534 1477 3613 ὁμοίως

354 3642 548 3720 ἐπιστάμενος
578 3641 678 3708 οίπει”.
712 3646 764 3710 Ex
795 3652 945 3731 tempore,
969 3668 1033 3733 quo
1057 3648 1202 3714 Socrates
1226 3651 1334 3715 didicit
1357 3671 1487 3735 parum„

357 3763 394 3822 ut
417 3760 538 3843 opinor,
561 3749 691 3844 apparet
713 3760 805 3824 facile
828 3761 910 3825 illud
934 3759 1090 3839 ἐνίιίμνμοι
1115 3781 1194 3846 esse,
1213 3764 1269 3828 sed
1288 3784 1329 3829 ex
1343 3784 1379 3829 eo
1393 3764 1479 3849 quod

356 3871 448 3936 sanet
471 3873 618 3936 auditum
641 3878 746 3937 tamen
769 3878 871 3938 totum
892 3876 1052 3958 perspicit.
1070 3875 1282 3941 Inserendum
1302 3898 1376 3964 ergo
1396 3881 1481 3943 inter

356 3981 413 4047 νυνί
446 3989 478 4048 et
509 3981 639 4057 ἀκούσιος
663 3986 857 4051 adverbium
882 3989 1001 4066 πρῶτον,
1028 3990 1114 4070 quod
1137 3991 1213 4053 olim
1236 3991 1329 4056 litera
1351 4015 1373 4055 οι
1395 3992 1480 4056 desi-

354 4102 489 4181 gnatum
512 4097 613 4162 fuisse
637 4098 786 4164 credibile
811 4105 867 4164 est.

400 4210 476 4293 XX,
511 4211 562 4273 26.
598 4211 682 4292 „Ubi
715 4217 804 4296 pater
838 4233 930 4277 meus
961 4211 1069 4277 labore
1099 4233 1158 4278 suo
1191 4217 1331 4301 aliquem
1361 4237 1473 4302 agrum

357 4323 493 4393 fertilem
526 4324 716 4408 reddiderat,
746 4345 821 4390 eum
851 4325 1020 4408 vendebat,
1050 4323 1122 4390 ἀλλ’
1152 4325 1243 4393 ἄλλον
1265 4329 1345 4403 εὐθὺς
1368 4329 1476 4394 ἀντεω-
