3354 5268
847 581 889 646 46

309 771 341 836 lt
353 817 361 834 .
375 819 383 833 .
397 817 426 834 ..
451 767 658 850 πλανωμένους
680 767 851 834 ἀπολέσθαι·
874 761 949 842 ἦσαν
971 767 998 833 δ’
1017 760 1064 833 οὗν
1083 762 1156 833 οὗτοι
1177 767 1279 832 ἑκατὸν
1292 766 1426 832 ὃπλῖπαο.

312 884 522 968 mma&

357 996 491 1074 ποταμὸς
514 994 540 1060 δ’
568 996 592 1060 εἰ
614 995 735 1073 μένοις
758 993 810 1059 καὶ
834 994 926 1067 ἄλλος
947 993 1005 1075 ἄρα
1027 993 1096 1071 ἡμῖν
1119 995 1181 1059 ἐστο
1200 993 1358 1072 διαβατέος
1378 995 1428 1059 οὐκ

314 1103 392 1174 οἶδα·
421 1109 469 1176 τὸν
500 1109 526 1174 δ’
550 1102 595 1172 οὖν
619 1107 780 1190 Εὐφράτην
802 1105 887 1186 ἴομεν
908 1106 952 1172 ὅτι
975 1107 1118 1172 ἀδύνατον
1142 1106 1280 1185 διαβῆναι
1305 1108 1429 1172 κωλυόν-

314 1244 370 1286 πων
393 1221 549 1299 πολεμίων.

358 1335 419 1401 His
452 1337 604 1420 inspectis
637 1337 716 1400 locis
745 1356 810 1400 uon
842 1335 970 1400 difficile
992 1340 1041 1400 est
1063 1336 1248 1420 intelligere,
1273 1336 1351 1419 quid
1375 1353 1430 1399 eae

316 1452 489 1534 particulae
517 1451 645 1515 iunctae
676 1450 865 1534 significent,
889 1469 1084 1534 quamquam
1107 1451 1208 1534 magis
1232 1451 1292 1514 hoc
1314 1449 1430 1514 intelli-

316 1567 403 1648 gitur
425 1569 457 1630 et
479 1566 625 1646 sentitur,
650 1585 745 1648 quam
769 1564 880 1647 paucis
904 1563 1011 1628 verbis
1035 1565 1112 1628 satis
1135 1568 1281 1628 accurato
1302 1563 1431 1628 domon-

317 1684 452 1743 stratur:
476 1683 583 1742 tamen
607 1680 652 1741 sic
675 1678 741 1742 fore
764 1695 873 1741 earum
896 1678 963 1740 vim
985 1677 1126 1741 indicare
1149 1679 1261 1761 possis,
1280 1677 1432 1758 utdicaS,

319 1799 387 1858 tum
416 1793 599 1876 scriptorem
624 1809 676 1856 eas
700 1791 858 1873 adhibere,
881 1791 936 1855 ubi
961 1792 1069 1875 aliqua
1092 1811 1126 1855 re
1148 1792 1261 1856 leviter
1285 1792 1433 1873 iudicata,

319 1911 415 1989 atquo
439 1907 473 1969 in
497 1905 600 1970 medio
624 1904 741 1987 relicta,
764 1905 803 1968 ad
823 1905 1020 1988 propositum
1046 1924 1140 1968 suum
1163 1903 1434 1986 transeatNomo,

321 2020 377 2103 qui
410 2019 528 2084 Gracco
561 2020 695 2102 scripsit,
725 2019 852 2102 saepius
876 2019 916 2082 iis
940 2038 1019 2082 usus
1042 2025 1090 2083 est
1113 2021 1309 2103 (praesertim
1333 2038 1433 2103 quum

320 2135 479 2217 ingentem
511 2132 609 2196 addas
639 2133 781 2196 locorum
813 2150 992 2213 numerum,
1021 2131 1076 2195 ubi
1099 2131 1125 2195 δ’
1150 2124 1196 2196 οὖν
1219 2134 1252 2194 iu
1276 2134 1345 2209 γοῦν
1368 2151 1436 2195 cor-

320 2250 451 2330 ruptum
483 2250 549 2327 est),
581 2265 676 2328 quam
706 2243 878 2326 Luciacus,
909 2245 994 2327 quod
1025 2247 1259 2329 unusquisque,
1283 2247 1434 2329 quicum

321 2361 418 2440 novit,
454 2361 531 2422 mihi
566 2361 672 2424 statim
704 2360 862 2441 concedet,
894 2361 920 2422 si
952 2359 1003 2422 vol
1026 2379 1127 2422 unum
1151 2360 1256 2423 locum
1280 2361 1435 2423 citavere:

321 2474 483 2564 videbitur
517 2476 602 2538 euim
637 2473 697 2538 sibi
731 2475 823 2557 quasi
857 2473 1042 2554 rhythmum
1076 2472 1255 2538 Lucianeae
1286 2473 1436 2536 orationis

323 2589 449 2653 audire:

367 2701 460 2766 Alex.
485 2702 503 2783 ξ
528 2701 585 2763 17:
610 2699 739 2780 (Mirum
763 2719 828 2763 non
853 2705 900 2765 est
923 2701 1066 2766 homines
1089 2701 1234 2765 indoctos
1254 2700 1437 2764 Alexandro

323 2813 417 2879 fidem
453 2814 581 2878 fecisse:
617 2834 690 2877 nam
725 2813 877 2878 adversus
912 2816 981 2878 eius
1017 2815 1187 2879 sollertiam
1224 2816 1439 2897 astutiamque

325 2928 433 3011 ahquo
463 2926 643 2991 Democrito
670 2926 722 2989 vel
746 2925 885 3010 Epicuro
910 2927 960 2991 vel
983 2926 1163 2992 Metrodoro
1187 2947 1268 3011 opus
1292 2932 1366 3008 erat,
1390 2926 1440 2990 val

326 3043 387 3107 ulio
422 3043 490 3104 viro
525 3041 608 3121 forti,
638 3041 731 3104 cuius
763 3059 853 3104 mens
885 3041 982 3104 nullis
1012 3040 1191 3105 flecteretur
1214 3041 1346 3121 artibus)
1371 3037 1441 3110 dors

326 3154 488 3227 ἀπιστῆσαι
515 3151 567 3216 καὶ
590 3150 655 3232 ὅπερ
679 3146 712 3224 ἦν
736 3151 859 3223 εἴκασαν,
883 3150 935 3216 καὶ
959 3152 982 3215 εἰ
1005 3152 1048 3229 μὲν
1071 3152 1158 3233 εὑρεῖν
1182 3153 1230 3216 τὸν
1251 3153 1351 3233 τρόπον
1376 3151 1441 3216 ἐδύ-

328 3290 397 3332 ναπο
426 3267 515 3330 ἐκεῖνο
538 3269 607 3344 γοῦν
631 3264 885 3345 προπεπεισμένου,
909 3263 952 3330 ὅτι
975 3265 1093 3340 λέληθεν
1116 3267 1205 3331 αὑτὸν
1229 3267 1242 3330 ὂ
1266 3265 1367 3348 τρόπος
1389 3274 1442 3341 πῆς

329 3377 528 3458 μαγγανείας,
562 3382 595 3443 πὸ
625 3379 651 3442 δ’
684 3372 730 3469 οὖν
761 3381 820 3442 πᾶν
842 3379 949 3458 ψεῦδός
973 3379 1109 3444 ἐστικαὶ
1133 3379 1266 3458 γενέσθαι
1288 3379 1441 3446 αδύναπον.

373 3495 557 3559 Ridiculum
581 3500 687 3559 tamen
711 3501 794 3559 esset
813 3496 948 3576 credere,
967 3494 1145 3559 Lucianum
1166 3496 1253 3560 istud
1273 3496 1300 3560 δ’
1312 3489 1358 3560 οὖν
1369 3516 1443 3581 prae

330 3611 442 3676 ceteris
465 3609 628 3693 particulis
651 3610 684 3672 in
709 3609 831 3673 deliciis
852 3608 1010 3673 habuisse.
1031 3608 1132 3673 Multo
1153 3611 1238 3673 euim
1252 3609 1443 3675 meliusrem

330 3723 570 3807 explicabimus
604 3724 631 3786 si
664 3724 708 3786 ita
743 3728 928 3804 statuemur,
957 3722 1136 3787 Luciauum
1167 3744 1278 3807 quum,
1306 3725 1382 3808 quid
1413 3730 1444 3788 et

332 3856 396 3920 quo
428 3836 521 3900 modo
552 3836 688 3901 scribere
717 3836 821 3918 vellet,
853 3835 1061 3900 deliberatum
1092 3836 1229 3920 haberet,
1253 3857 1319 3902 uon
1344 3839 1443 3922 magis

331 3951 372 4014 iis
405 3950 569 4034 particulis
604 3969 708 4015 carere
738 3951 888 4034 potuisse,
920 3969 1016 4032 quam
1046 3955 1154 4033 poetas
1179 3952 1314 4036 tragicos
1337 3951 1444 4016 verbis

332 4062 483 4147 gravibus
513 4063 762 4146 magnificisque,
785 4063 837 4126 vel
865 4063 1003 4126 comicos
1027 4064 1202 4144 maledictis
1226 4085 1263 4128 ac
1284 4065 1444 4129 conviciis.

379 4175 500 4253 Quodsi
523 4184 606 4242 recte
630 4178 843 4242 demonstravi
866 4195 963 4259 quam
987 4179 1131 4260 augustis
1154 4177 1273 4243 finibus
1293 4184 1324 4244 et
1344 4181 1443 4262 possit

334 4294 366 4356 et
398 4289 509 4356 debeat
536 4290 763 4376 particularum
787 4288 813 4353 δ’
838 4281 884 4353 οὖν
906 4288 1096 4374 significatio
1119 4291 1345 4376 circumscribi,
1370 4293 1444 4376 quis
