3330 5262
854 612 918 674 394

322 796 391 875 μίν,
426 799 524 862 altera
558 797 597 861 ab
627 794 679 859 καί
710 793 769 872 μθν
800 797 920 880 incipit.
953 794 1076 860 Deinde
1100 797 1233 862 confusa
1257 803 1288 862 et
1312 797 1446 863 turbata

320 917 369 976 est
391 911 640 996 argumentatio:
665 929 729 972 non
752 909 839 974 enim
858 907 963 974 verbis
982 907 1038 980 τοὶς
1057 906 1171 988 τέχναις
1189 908 1246 982 τθις
1258 908 1322 986 τερί
1336 915 1445 975 ταῦτα

321 1021 422 1094 σοίσας
456 1021 559 1094 οἰκείας
590 1018 678 1100 ἔχετε
708 1041 828 1086 novum
859 1022 1021 1106 quoddam
1051 1028 1279 1106 argumentum
1303 1024 1445 1108 affertur,

323 1155 421 1221 quare
444 1139 485 1202 sit
506 1135 759 1201 Atheniensibus
783 1137 955 1220 imperinm
976 1137 1171 1201 maritimum
1192 1139 1445 1221 suscipiendum,

323 1252 379 1318 sed
402 1251 619 1337 praecedentis
642 1253 822 1334 argumenti
845 1249 909 1314 iilis
932 1249 1063 1316 affertur
1085 1251 1175 1314 ratio.
1198 1249 1327 1315 Etenim
1351 1271 1441 1316 voca·

323 1363 398 1429 bulo
421 1362 533 1444 τέχναις
557 1383 608 1428 ars
631 1383 727 1428 noves
743 1362 926 1444 fabricandi
944 1363 1151 1449 significatur,
1171 1383 1338 1448 quumque
1354 1365 1443 1429 iliam

322 1485 421 1544 artem
456 1477 559 1542 οίκείαν
591 1477 729 1543 habeant
762 1478 985 1560 Athenienses,
1015 1475 1131 1557 τοίτριον
1161 1479 1202 1542 iis
1234 1483 1282 1543 est
1312 1479 1444 1542 ναυτικὸν

321 1592 544 1667 ἐπικτήσασθαι.
578 1591 683 1668 Quare
714 1595 758 1656 ita
786 1591 1032 1676 Xenophontem
1056 1593 1223 1676 scripsisse
1247 1593 1375 1677 opinor:
1399 1589 1447 1654 ἔτι

322 1705 353 1770 δὲ
384 1705 499 1786 τριήρεις
523 1703 662 1778 κέκτησθε
686 1703 802 1776 τολλθις
825 1701 876 1768 καί
898 1702 1015 1786 τοίτριον
1040 1704 1110 1781 ὑμῖν
1132 1703 1197 1768 ἐστί
1224 1704 1354 1768 ναυτικὸν
1377 1705 1443 1768 ἐστι·

321 1818 454 1882 κτοῖσθαι.
480 1816 551 1890 τίις
574 1816 624 1896 μοί
631 1841 645 1898 ρ
670 1815 783 1897 τέχνας
805 1815 862 1888 τθις
885 1815 948 1897 τερί
973 1820 1072 1881 ταῦτα
1095 1815 1197 1890 τοίσας
1220 1816 1324 1888 οἰκείας
1342 1814 1442 1896 ἔχετε.

321 1932 370 1995 Ita
395 1933 502 1995 omnia
526 1932 651 2015 egregie
674 1931 897 1995 cohaerebunt.

364 2044 390 2128 Ι,
422 2047 450 2108 9.
482 2043 534 2108 Ex
566 2045 675 2110 eadem
706 2046 863 2110 oratione:
895 2041 997 2108 ἔτειτα
1028 2044 1059 2109 δὲ
1082 2042 1175 2125 ίίστερ
1198 2044 1283 2122 ὑμεῖς
1307 2045 1442 2124 ναυτικῷ,

320 2154 407 2230 οὕτως
441 2150 480 2222 αὖ
512 2157 611 2222 ε’κεῑνοι
643 2158 724 2222 κατίι
754 2165 810 2236 γῆν
840 2163 972 2221 πλεῖστοι
1003 2156 1053 2221 καί
1085 2156 1209 2237 τάχιστ’
1235 2154 1271 2221 ίαν
1294 2153 1440 2230 ἐξέλθοιεν.

320 2269 394 2335 ίίστε
416 2271 485 2352 τρίς
508 2270 625 2344 τούτους
645 2264 684 2335 αὖ
706 2271 779 2342 είκὸς
798 2271 864 2344 τοὺς
883 2269 1068 2349 συμμοίχους
1087 2269 1331 2352 εὐθαρσεστάτους
1350 2292 1439 2351 σροσ-

319 2383 397 2448 ιέναι.
422 2385 520 2469 Apud
543 2384 677 2449 verbum
702 2381 843 2465 προσιέναι
863 2384 1062 2449 desideratur
1080 2382 1160 2448 κατα
1179 2389 1236 2461 γῆν
1256 2384 1353 2468 idque
1365 2389 1442 2448 ante

319 2495 390 2570 είκθς
425 2499 610 2583 ponendum
642 2498 774 2563 videtur.
807 2497 850 2562 Et
871 2500 983 2562 vitiose
1007 2499 1116 2562 eodem
1140 2498 1210 2561 ioco
1233 2489 1274 2561 αὖ
1297 2497 1441 2562 τίνυσθαι

317 2614 362 2692 (in
385 2603 425 2676 αὖ
447 2609 540 2694 είκθς),
563 2613 649 2697 quod
669 2617 699 2678 et
719 2613 814 2676 nimis
835 2631 928 2697 saepe
947 2613 1143 2676 hiciteratur
1155 2612 1237 2692 (vide
1251 2613 1440 2694 sequentia),

318 2731 349 2790 et
372 2726 494 2791 Prooiis
517 2728 823 2810 argumentationem
847 2726 1029 2811 perturbat:
1051 2725 1156 2790 verbis
1175 2727 1260 2790 enim
1282 2721 1439 2805 ιθστετρὸς

315 2836 451 2911 τούτους.
467 2887 475 2904 .
490 2887 517 2902 ..
543 2837 684 2920 προσιέναι
708 2839 891 2924 exemplum
915 2839 1005 2903 affert
1023 2838 1151 2902 Procles
1173 2840 1242 2902 eius
1262 2839 1317 2920 rei,
1338 2857 1437 2922 quam

317 2971 413 3036 supra
443 2953 526 3017 dixit
556 2954 615 3035 (4);
647 2951 715 3032 πρὸς
746 2951 804 3032 χεὶρ
827 2951 859 3016 τὸ
882 2954 990 3032 πρῶτον
1013 2950 1129 3030 ἰσχυρὸν
1152 2949 1304 3027 γενόμενον
1328 2946 1437 3022 ἥδιστα

316 3062 426 3136 τοίντες
449 3064 650 3143 συλλέγονται.

359 3176 405 3241 Ib.
428 3174 470 3240 ἔτι
494 3177 525 3241 δέ
546 3176 597 3241 καί
619 3179 633 3241 θ
654 3179 712 3250 θεὸς
734 3179 835 3251 αὐτοῖς
855 3177 975 3242 δέδωκεν
994 3174 1087 3257 ν’ίσττερ
1100 3177 1170 3254 ὑμῖν
1184 3175 1263 3240 κατα
1277 3174 1431 3241 θοίλατταν

315 3291 462 3370 εὐτυχεῖν,
498 3287 586 3363 οὕτως
619 3291 732 3363 εἰιείνοις
764 3291 844 3356 κατοὶ
875 3298 940 3369 γῆν.
975 3291 1160 3358 suncturae
1193 3292 1349 3376 elegantia
1371 3293 1432 3356 isto

315 3404 415 3474 αὐτοῖς
438 3405 670 3489 pessumdatur.

358 3517 404 3582 Ib.
428 3517 581 3590 πλείστους
601 3517 658 3598 peip
678 3512 751 3582 οὗτοι
771 3516 890 3595 ἀγῶνας
909 3518 938 3581 ἕν
957 3526 993 3599 τῇ
1013 3526 1053 3599 γῇ
1066 3517 1264 3596 ἠγωνισμένοι,
1278 3516 1429 3598 ε’λοίχιστα

314 3632 369 3709 μὲν
393 3630 574 3712 ἐσφαλμένοι
598 3631 659 3705 είσί,
684 3637 815 3695 πλείστα
834 3631 865 3695 ii
884 3630 1107 3712 κατωρθωκότες.
1130 3632 1183 3696 An
1202 3631 1430 3712 κατωρθώκασιὶἳ

357 3745 383 3827 Ι,
408 3747 457 3809 13.
482 3744 620 3811 Consilio
643 3746 764 3811 Prooiis
784 3747 823 3810 dc
841 3748 973 3831 imperio
994 3750 1133 3812 terrestri
1153 3746 1316 3831 Spartanis
1335 3747 1430 3810 relin-

315 3859 453 3942 quendo,
484 3860 561 3924 dum
592 3862 655 3945 ipsi
672 3861 896 3925 -Athenienses
928 3862 1097 3945 imperium
1130 3862 1326 3924 maritimum
1357 3862 1430 3924 reti-

313 3979 418 4056 neant,
453 3976 639 4038 adversatur
681 3973 874 4058 Oephidotus
909 3975 1034 4038 dicens:
1074 3975 1129 4055 „si
1162 3973 1281 4037 bellum
1317 3972 1429 4038 navale

313 4088 487 4172 gerendum
523 4089 591 4170 erit,
622 4088 768 4173 Spartani
799 4088 890 4152 vobis
921 4107 1039 4171 paucos
1071 4089 1157 4151 cives
1180 4088 1235 4152 sed
1259 4087 1429 4171 plerosque

314 4221 423 4267 servos
458 4208 512 4266 aut
546 4205 779 4268 mercennarios
814 4205 947 4267 mittent.
982 4200 1006 4264 οί
1039 4201 1070 4265 δὲ
1100 4199 1326 4278 Λακεδαιμόνιοι
1357 4198 1428 4264 θσαν

312 4313 548 4395 παραγγείλωσιν
572 4315 643 4393 ὑμῖν
666 4314 745 4380 κασία
767 4321 823 4393 γῆν
846 4313 1010 4395 στρατείαν,
1035 4313 1120 4387 δῆλον
1142 4310 1185 4378 ίτι
1204 4311 1341 4394 πέμψετε
1361 4313 1426 4386 τοὺς
