3330 5262
734 627 795 689 401

205 833 301 880 λεοοιν.
328 817 364 880 of.
389 815 475 899 quod
499 815 605 878 statim
630 814 775 896 sequitur
799 813 817 892 ᾗ
844 814 880 874 2;
905 809 998 886 λέγων
1022 811 1057 880 ὡς
1085 807 1325 884 Λακεδαιμονίοις

205 927 347 1000 διοιτελοίκ
373 927 475 1000 πιστὸς
502 927 550 990 ὤν.

247 1042 306 1124 111,
331 1044 359 1104 3.
390 1040 544 1123 Euphron
569 1045 726 1120 tyrannus
751 1037 929 1119 Sicyonius,
953 1055 995 1100 ex
1020 1034 1099 1098 urbe
1122 1054 1181 1098 sua
1205 1036 1325 1098 eiectus

206 1156 244 1220 ab
279 1155 469 1234 Arcadibus
503 1158 630 1237 portum
665 1153 761 1215 tradit
795 1151 967 1234 Spartanis,
998 1150 1106 1214 dicens
1137 1167 1171 1212 se
1202 1166 1327 1230 semper
1403 1149 1405 1154 ’

189 1269 367 1353 ,Spartanis
389 1268 516 1332 fidelem
537 1267 646 1331 fuisse.
671 1263 718 1329 ίτε
741 1265 798 1345 pap
820 1269 922 1343 ψῆφος
946 1261 1057 1327 ἐδίδοτο
1081 1262 1109 1324 ἐν
1132 1268 1168 1340 τῇ
1190 1258 1281 1331 πόλει,
1304 1259 1327 1321 εί

205 1380 295 1454 δοκοίκ
327 1379 520 1461 εἰφίπτιισίοιι,
555 1379 621 1454 μετ’
653 1377 756 1456 ὀλίγον
787 1375 1037 1456 ἀποψηφίσκτίοιι
1069 1370 1140 1454 ἔφη·
1167 1369 1270 1434 ἔπειτιι
1295 1370 1325 1434 δὲ

204 1494 270 1564 τοὺς
293 1491 450 1574 προδίντοις
470 1491 571 1555 {aurbu
591 1488 770 1568 βουλόμενος·
787 1488 1003 1568 τιμοριίτιιτίοιι
1017 1487 1108 1564 δῆμον
1120 1490 1324 1556 κοιτοιττῆτοιι.

205 1607 387 1671 Pronomen
419 1605 518 1669 ἓκοτίν
548 1607 600 1668 hie
630 1606 744 1668 vitiose
766 1605 904 1688 positum
929 1608 993 1666 est:
1018 1602 1215 1665 adversarios
1239 1601 1324 1664 enim

206 1741 282 1784 suos
314 1721 390 1784 dicit
418 1720 572 1803 Euphron
607 1718 803 1802 „Spartanos
834 1715 1040 1800 prodidisse’'.
1065 1715 1218 1798 Sequitur
1241 1715 1326 1786 enim

206 1834 229 1897 οἱ
253 1834 332 1911 ὑμᾶς
355 1831 541 1914 προδιδόντες.

249 1947 308 2029 ΙΠ,
333 1949 359 2010 5.
384 1947 537 2030 Euphron
557 1945 679 2010 Thebas
699 1945 910 2029 proficiscitur
930 1963 1061 2028 sperans
1074 1962 1108 2007 se
1121 1943 1325 2026 magistratus

206 2066 441 2145 corrupturum,
469 2066 506 2124 ut
536 2059 722 2123 Thebanum
745 2060 947 2141 barmostam,
971 2060 1029 2140 qui
1051 2076 1155 2121 areem
1179 2056 1326 2137 Sicyonis

208 2173 337 2255 obtinet,
372 2177 531 2254 revocent,
566 2172 692 2256 sibique
725 2171 813 2236 urbis
844 2173 1014 2256 imperium
1037 2172 1171 2235 tradant.
1195 2170 1234 2233 In
1257 2171 1326 2253 ipsa

208 2286 286 2350 urbe
308 2286 422 2352 Thebis
446 2305 520 2349 eum
544 2286 718 2349 adversarii
740 2286 899 2367 occidunt,
923 2304 1004 2368 quos
1029 2285 1136 2348 statim
1160 2286 1322 2367 magistra-

207 2407 260 2466 tus
295 2399 435 2464 Thebani
465 2402 499 2462 in
530 2401 688 2465 indicium
718 2406 842 2483 vocant,
865 2401 1001 2483 aliisque
1032 2401 1228 2484 argumentis
1252 2419 1328 2462 eon-

207 2515 403 2578 demnandos
433 2534 502 2579 esse
534 2515 752 2579 demonstrant
779 2520 810 2579 et
832 2516 908 2578 hoc:
932 2513 1014 2577 τίδὲ
1037 2512 1167 2577 πείσεται
1192 2512 1208 2584 ἦ
1232 2510 1325 2586 πίκις,

205 2627 229 2690 εί
251 2624 367 2700 ἕξὲοτιιι
390 2627 429 2706 τῷ
452 2625 619 2706 βουλομένῳ
642 2628 815 2693 ἀποκτείνοι
838 2625 903 2706 πρίν
928 2627 1057 2700 δκλῶπιιι
1078 2623 1143 2690 ίτου
1160 2623 1245 2689 ἕνεκα
1266 2623 1327 2698 ἥκει

205 2738 345 2815 inaurem
382 2741 512 2806 Codices
546 2762 601 2824 pro
633 2740 763 2804 πείσετοιι
794 2742 947 2826 praebent
976 2737 1092 2812 είσετοιι,
1126 2741 1212 2823 quod
1242 2745 1325 2804 certe

206 2856 352 2938 sequenti
376 2853 504 2925 δκκῶσιιι
528 2855 642 2920 melius
665 2857 834 2939 respondet
857 2876 953 2939 quam
978 2854 1116 2918 πείσετιιι.

249 2967 290 3050 Π,
317 2969 343 3028 7.
374 2967 467 3048 Unus
491 2987 617 3031 reorum
641 2987 674 3032 se
697 2968 905 3052 Euphronem
928 2969 1126 3053 percussisse
1149 2966 1326 3050 confitetur,

207 3086 237 3145 et
271 3084 315 3144 ita
346 3101 475 3145 eausam
508 3102 599 3145 suam
632 3084 712 3166 agit:
743 3082 813 3144 ἀλλ’
839 3081 973 3161 ὑπερορᾶν
997 3081 1060 3158 μὲν,
1087 3075 1107 3142 ὦ
1132 3080 1269 3158 Θηβαῖοι,
1294 3082 1325 3158 οὐ

205 3191 325 3257 δυνιιτὸν
359 3193 438 3270 ὑμῶν
471 3194 551 3274 οίνδρί
585 3192 614 3265 ὃς
645 3193 727 3266 είδείκ
760 3193 868 3274 κυρίους
899 3194 954 3271 μὲν
977 3191 1072 3267 ίντιις,
1098 3192 1115 3256 δ’
1134 3218 1162 3257 τι
1185 3191 1324 3270 βούλεσθε

204 3307 284 3387 atrei
307 3308 442 3388 χρῆτίοιι.
471 3307 629 3384 Quoniam
653 3310 684 3372 in
710 3307 918 3392 sequentibus
942 3329 1007 3372 non
1034 3314 1083 3373 est
1105 3309 1261 3392 particula
1284 3306 1324 3379 δέ,

204 3421 244 3484 ad
268 3442 365 3506 quam
388 3421 523 3486 alterum
546 3419 601 3498 μέν
623 3421 733 3486 referri
753 3423 863 3505 possit,
883 3441 940 3506 pro
960 3441 996 3487 eo
1016 3423 1188 3507 legendum
1209 3442 1324 3486 censeo

206 3531 295 3608 ὑμεῖς,
320 3536 405 3618 quod
429 3535 481 3598 hie
503 3554 596 3619 aegre
620 3535 827 3599 desideratur.

250 3644 295 3709 Ib.
329 3647 418 3711 idem
448 3650 542 3712 homo
574 3651 620 3714 sio
650 3651 770 3734 pergit:
803 3647 856 3713 τίνι
881 3647 979 3727 μέντοι
1002 3647 1143 3712 πιστεύων
1166 3647 1327 3712 ιίπὲκτεινιο

207 3759 253 3823 τὸν
287 3755 395 3840 ίινδροις
429 3754 460 3822 εὖ
493 3758 554 3824 ίττε
587 3758 630 3825 ίτι
664 3765 772 3844 πρῶτον
804 3763 859 3839 μὲν
889 3763 929 3843 τῷ
962 3760 1085 3840 νομίζειν
1109 3761 1206 3825 δίκιιιοι
1231 3767 1324 3825 ποιεῖν

205 3869 309 3936 ἔπειτα
338 3873 378 3952 τῷ
409 3872 488 3950 ὑμᾶς
517 3876 598 3956 ὀρθῶς
621 3876 789 3952 precata.
815 3875 1011 3940 Sententiam
1034 3878 1079 3940 ita
1100 3876 1316 3960 refingendam

207 4006 277 4052 esse
309 4007 438 4052 censeo:
470 3981 501 4050 εὖ
531 3986 593 4052 ίστε
616 3988 657 4064 Ιὅτι
681 3989 720 4069 τῷ
744 3988 867 4068 νομίζειν
891 3992 998 4070 πρῶτον
1022 3989 1076 4066 μὲν
1100 3989 1199 4054 δίκιιιοι
1225 3995 1324 4062 ποιεῖν,

205 4098 309 4166 ἔπειτα
331 4101 362 4164 δὲ
386 4100 464 4178 ὑμεῖς
487 4103 568 4180 ὀρθῶς
590 4104 757 4182 pueraria.
782 4103 866 4168 Nam
888 4106 1006 4168 iustam
1031 4105 1172 4170 dicturos
1187 4110 1324 4169 'senten-

206 4217 282 4280 tiam
306 4215 471 4282 Thebanos
494 4237 561 4281 non
580 4221 687 4284 minus
701 4217 839 4298 patabat
857 4237 931 4281 reus
953 4239 1049 4301 quam
1062 4238 1096 4283 se
1108 4217 1323 4282 reetefeeisse.

197 4385 199 4392 A
250 4328 295 4392 ib.
323 4335 380 4412 „et
403 4335 495 4396 antea
518 4331 670 4416 homines,
691 4331 794 4415 qualis
813 4331 968 4415 Euphron
989 4337 1063 4415 erat,
1076 4332 1202 4416 capitali
1222 4351 1324 4422 poena

1192 4441 1226 4492 ib
