3348 5262
784 631 848 692 203

245 813 352 896 ticipia
375 809 470 890 λέγων
493 818 524 877 et
546 811 715 886 ἐπιδεικνύς,
742 833 824 898 quae
846 815 987 898 pendent
1010 835 1028 877 a
1047 814 1145 878 verbo
1163 813 1371 893 irsrpdpnaet

245 927 411 1010 particulis
441 949 525 990 τε-τε
555 929 640 992 inter
669 947 704 992 se
732 929 844 991 iuncta
870 934 957 1008 sunt,
980 929 1057 992 satis
1081 929 1251 1009 declarant,
1273 926 1371 991 verba

244 1037 339 1119 φαίην
374 1038 514 1112 ἀληθινὰς
548 1034 619 1104 εἶνοιι
653 1041 728 1104 ferri
759 1059 824 1103 non
855 1059 950 1124 posse
980 1044 1011 1104 et
1033 1042 1134 1104 invito
1158 1039 1372 1124 Xenophonte

248 1170 317 1217 esse
341 1153 470 1217 inserta.

290 1264 333 1348 X,
354 1267 404 1328 lo.
431 1265 593 1346 „Uxorem
618 1285 720 1330 meam
745 1266 955 1331 admonebam
979 1286 1019 1330 ne
1040 1285 1165 1350 semper
1186 1265 1319 1330 ancillae
1337 1268 1370 1329 in

247 1379 378 1443 modum
409 1380 540 1462 sederet,
565 1377 649 1442 ἀλλὰ
671 1378 723 1442 σὺν
746 1385 807 1450 τοῖς
832 1380 903 1450 θεοῖς
930 1381 1079 1459 πειροῖσδοιι
1103 1378 1279 1450 δεσποτικῶς
1303 1380 1372 1458 πρὸς

247 1490 302 1568 μὲν
336 1491 385 1555 τδν
416 1490 494 1555 ἱστὸν
517 1497 686 1571 προστοῖσοιν
709 1492 794 1556 κτὲ.”
817 1492 931 1576 Neque
954 1497 1122 1572 προστοῖσοιν
1147 1512 1260 1577 neque,
1285 1494 1372 1576 quod

245 1605 394 1668 nonnulli
429 1606 641 1688 coniecerunt,
677 1606 866 1684 rporrrrirao
901 1611 1010 1688 aptum
1039 1607 1116 1669 huic
1139 1606 1215 1669 ¹loco
1240 1625 1370 1669 sensnm

247 1716 383 1800 praebet
407 1717 671 1782 Emendationem
695 1718 815 1782 frustra
838 1720 992 1802 quaesivi.

291 1829 333 1902 X
359 1831 408 1896 12.
432 1830 520 1894 Inter
544 1831 743 1895 Ischomachi
767 1811 810 1895 ad
832 1851 966 1896 uxorem
991 1833 1224 1896 admonitiones
1244 1833 1372 1896 ethaeo

246 1944 415 2026 leguntur:
439 1941 492 2006 κοιὶ
514 1940 581 2022 ὄψις
604 1943 635 2006 δὲ
658 1941 767 2007 ὁπόσον
789 1942 1027 2023 ἀντονονίζητοιι
1047 1943 1175 2024 διακόνῳ,
1188 1943 1372 2024 κοιθοιρωτέροι

248 2050 320 2120 οὗτοι
355 2056 519 2138 πρεπόντως
550 2081 584 2120 τε
614 2063 731 2135 μᾶλλον
763 2057 964 2139 ἦμΦιεσμένη,
989 2056 1129 2130 κινητικόν
1152 2057 1287 2134 γίννετοιι
1310 2056 1369 2120 κτὲ.

251 2171 355 2236 Sensu
390 2191 517 2236 cassum
549 2191 618 2236 esse
650 2171 846 2236 vocabulum
870 2169 936 2250 ὄψις
960 2172 1046 2235 hand
1068 2191 1149 2255 opus
1173 2176 1221 2234 est
1242 2171 1372 2234 demon·

249 2290 356 2349 strare.
388 2285 542 2370 Suspicor
572 2287 646 2349 olim
679 2288 712 2349 in
742 2287 885 2370 margine
908 2291 1095 2349 annotatum
1119 2285 1220 2348 fuisse
1243 2282 1308 2360 ὄψιν
1332 2283 1371 2346 ad

248 2398 476 2482 explicandum
498 2397 690 2478 κοθοροτὲροι,
714 2399 746 2462 id
770 2405 878 2463 antem
897 2399 1010 2462 leviter
1029 2403 1186 2462 mutatum
1200 2398 1370 2460 intextum

247 2513 423 2595 irrepsisse,
447 2518 478 2576 et
500 2514 676 2576 sententiae
699 2512 879 2576 subiectum
903 2511 1074 2596 expulisse.

293 2623 395 2710 Caput
416 2624 475 2708 XI,
503 2626 530 2689 l.
557 2626 642 2706 ,Tua
661 2627 740 2689 mihi
761 2645 864 2710 opera,
877 2624 1111 2706 Ischomache,”
1124 2623 1270 2689 Socrates
1282 2628 1373 2706 rogat

251 2785 267 2818 „
278 2757 403 2821 expone
422 2734 469 2800 ἵνοι
486 2735 523 2801 σύ
539 2761 573 2800 τε
583 2737 633 2817 ἐφ’
647 2732 685 2809 οἷς
697 2737 861 2814 εὐδοκιμεῖς
873 2735 1089 2815 διηγησάμενος
1101 2735 1199 2816 ἡσθῇς,
1212 2735 1298 2812 κάγώ
1308 2783 1333 2798 ..
1364 2784 1371 2799 .

248 2848 406 2924 διοικούοοις
438 2889 479 2898 -
514 2850 627 2924 πολλήν
658 2874 701 2914 σοι
731 2849 819 2931 χάριν
852 2851 948 2915 εῐδῶ.”
979 2852 1169 2932 Praestaret,
1192 2855 1229 2913 ut
1252 2851 1373 2933 opinor,

250 2961 445 3041 διηγούμενος.
479 2963 554 3028 Non
585 2967 671 3028 enlm
702 2970 872 3049 postquam
904 2966 1054 3046 narravit,
1078 2963 1133 3027 sed
1158 2962 1234 3026 dum
1257 2965 1375 3025 narrat

249 3077 405 3160 gaudium
429 3079 513 3162 capit
534 3078 771 3142 Ischomachus.

292 3188 352 3272 XI,
385 3191 412 3252 5.
440 3188 508 3252 ὅδὲ
530 3188 722 3269 προςβλέφοις
746 3214 786 3267 με
808 3191 845 3261 ὡς
869 3189 932 3254 οὐδὲ
956 3188 1122 3266 ὑγιοιίνοντιι
1145 3187 1185 3267 τῷ
1207 3185 1373 3267 ε’ρωτήμοιτι

248 3301 309 3366 ari.
341 3303 402 3367 Vel
435 3304 536 3385 locus,
567 3303 624 3367 ubi
654 3306 794 3388 positum
819 3310 876 3386 est,
898 3306 1004 3388 arguit
1026 3323 1092 3367 non
1117 3324 1135 3366 a
1158 3303 1373 3387 Xenophonte

248 3416 318 3499 ipso
348 3417 492 3482 additum
521 3436 590 3482 esse
613 3417 701 3481 istud
724 3418 764 3496 τῷ
787 3416 965 3496 ἐρωτήματι,
990 3437 1101 3481 verum
1126 3437 1145 3479 a
1166 3417 1373 3500 grammatico

249 3530 397 3613 quodam,
421 3532 477 3615 qui
502 3551 632 3595 causam
654 3532 795 3596 indicare
818 3532 922 3613 vellet,
947 3531 986 3595 ob
1013 3551 1109 3615 quam
1132 3530 1243 3596 Niciae
1260 3550 1374 3594 servus

249 3642 411 3708 Socratem
435 3645 577 3708 insanire
600 3650 734 3728 putaret.

293 3755 353 3840 XI,
381 3758 431 3821 ll.
458 3755 690 3838 „Quomodo”
715 3758 860 3822 Socrates
883 3763 974 3842 rogat
1000 3777 1136 3839 „curam
1161 3759 1303 3840 corporis
1325 3757 1375 3820 tui

250 3871 433 3954 viriumque
460 3875 588 3934 tuarum
613 3870 736 3935 habes?
761 3874 822 3942 πῶς
848 3869 929 3946 θέμις
951 3864 1024 3934 οἶνοί
1044 3892 1087 3932 σοι
1110 3875 1163 3932 nat
1186 3869 1219 3932 εἰι
1242 3867 1373 3944 πολέμου

250 3985 350 4054 καλῶς
379 3981 520 4062 adlectio
552 3983 642 4058 κτὲ;”
673 3983 763 4047 Nihil
786 3983 991 4067 intelligebat,
1016 3984 1073 4067 qui
1095 3984 1219 4066 primus
1241 3981 1374 4046 infiniti-

250 4117 328 4159 vum
351 4090 421 4159 εἶνοιι
444 4096 575 4160 addidit.
598 4096 760 4161 Sententia
784 4098 868 4160 enim
893 4101 957 4159 est:
985 4096 1145 4179 quomodo
1164 4094 1199 4158 fit
1218 4097 1288 4172 (he.
1310 4115 1374 4177 qua

251 4213 306 4272 tua
329 4228 407 4272 cura
429 4208 576 4288 efficitur)
600 4215 637 4273 ut
659 4209 708 4273 fas
730 4211 780 4290 sit,
803 4214 834 4272 te
857 4209 952 4272 etiam
977 4207 1096 4272 ebello
1116 4207 1242 4271 salvum
1262 4205 1373 4271 abire?

296 4320 355 4403 XI,
380 4323 429 4384 12.
453 4318 517 4383 ἐπεὶ
539 4319 597 4400 wip
620 4320 719 4384 ἐσθίειν
742 4343 788 4392 τις
810 4319 851 4382 τοὶ
874 4317 962 4382 ι’κοινοὶ
985 4317 1048 4397 ἔχοι
1075 4317 1136 4403 (an
1155 4315 1219 4396 ἔχει
1227 4317 1264 4403 2)
1286 4319 1373 4382 ἐκπο-
