3352 5260
721 650 723 656 ·
765 617 827 686 127

407 807 435 869 2.
458 804 588 890 Ingrata
610 808 658 870 est
679 806 824 890 repetitio
848 807 1091 890 praepositionis
1116 806 1185 882 πρός
1208 810 1242 872 in
1267 829 1338 890 προς

361 923 450 981 μισεῖν
473 955 516 965 -
539 917 716 998 προςδοῦνοω.

407 1031 436 1093 3.
470 1031 613 1095 eiusdem
646 1032 773 1115 generis
808 1035 865 1114 est,
900 1032 986 1116 quod
1021 1033 1040 1114 ξ
1074 1033 1114 1096 31
1146 1033 1273 1117 legitur,
1297 1033 1354 1100 sed

362 1143 463 1208 multo
493 1145 602 1209 minus
632 1144 817 1209 ferendum:
850 1145 883 1209 τὸ
914 1152 1075 1225 nerviceis
1099 1144 1272 1227 Φιλοσόφοις
1298 1146 1352 1212 ὑπὸ

361 1258 416 1318 τῶν
447 1259 563 1320 πολλῶν
594 1257 807 1334 ἐπιτιμώμενον
833 1255 976 1340 ἐπιφέρων
998 1257 1079 1338 atri
1102 1255 1154 1324 aa>
1180 1256 1354 1336 δοσιβοὶλλων

361 1369 430 1449 πρὸς
452 1368 519 1442 τοὺς
543 1368 679 1443 πολλούς.

405 1485 434 1547 4.
459 1483 581 1548 Ultima
604 1485 749 1548 eiusdem
775 1481 816 1566 §i
836 1485 994 1548 sententia
1016 1481 1175 1565 (οὐδὲγὰρ
1195 1481 1290 1562 ἔγωγε
1309 1523 1352 1533 -

360 1594 487 1669 εῒήλωσε
517 1595 568 1682 δέ)
604 1598 694 1662 nullo
720 1597 815 1662 modo
837 1597 982 1682 intelligi,
1004 1597 1125 1662 nedum
1148 1597 1275 1682 probari
1297 1620 1353 1683 po-

361 1715 431 1776 test
457 1710 529 1788 Quo
552 1714 638 1778 enim
662 1711 864 1776 referendum
884 1717 932 1777 est
951 1715 1046 1784 τοῦτο,
1066 1732 1130 1796 quo
1148 1711 1275 1786 ebriacus
1294 1712 1352 1780 δὲἳὶ

406 1827 434 1888 5.
465 1825 591 1898 πολλοὺς
623 1823 655 1891 δὲ
681 1824 883 1906 προετρέποντο
905 1825 1016 1890 ἀδικεῖν
1040 1827 1070 1909 (ᾗ
1096 1829 1157 1909 32).
1180 1827 1353 1894 Pueriliter

360 1938 420 2001 hoc
445 1938 566 2002 dictum
590 1946 638 2004 est
661 1959 719 2023 pro
743 1958 789 2021 eo,
813 1939 900 2023 quod
923 1938 1000 2003 alibi
1021 1939 1156 2024 legitur:
1180 1938 1351 2017 βουλόμενοι

361 2050 398 2121 ὥς
420 2048 575 2123 πλείστους
597 2051 771 2124 οἶνοοπλῆσοοι
794 2057 848 2123 τῆς
871 2050 966 2114 οιὺτῶν
989 2049 1114 2123 οὶδικίοις.

405 2164 433 2226 6.
457 2161 484 2226 εἴ
503 2187 530 2227 τι
553 2164 688 2242 οὶγνοοῖτο
710 2167 767 2228 τῶν
787 2162 1053 2245 προαγορευομένων
1073 2166 1104 2247 (ᾖ
1125 2167 1186 2246 33).
1206 2165 1351 2231 Verbum

360 2274 476 2353 ripuaria
500 2277 637 2342 absurde
660 2278 712 2342 hic
734 2279 873 2362 ponitur,
893 2276 1061 2342 absurdior
1080 2279 1175 2343 etiam
1195 2283 1243 2342 est
1261 2279 1351 2344 illius

361 2389 449 2454 verbi
470 2390 573 2454 forma
594 2393 728 2475 passiva.
753 2389 919 2455 Sententia
942 2391 1028 2454 enim
1051 2394 1116 2455 est:
1137 2390 1165 2455 si
1186 2391 1265 2474 quid
1283 2411 1350 2456 non

359 2502 542 2586 iutellipcret
564 2523 684 2588 eorum,
708 2523 791 2589 quae
812 2503 967 2569 iuberent.

406 2616 432 2679 7.
467 2617 498 2699 (5
530 2619 591 2698 34).
622 2616 718 2681 Haud
750 2616 890 2680 multum
918 2618 1061 2699 interest,
1094 2621 1202 2681 utrum
1235 2615 1349 2682 Critias

359 2732 451 2812 putet
479 2727 532 2802 τὴν
561 2732 618 2793 τῶν
649 2727 743 2807 λόγων
768 2727 878 2807 τέχνην
902 2722 972 2791 εἷνοιι
996 2727 1048 2791 σὺν
1070 2735 1131 2800 τοῖς
1154 2730 1236 2805 ὀρθῶς
1262 2743 1349 2824 λοροῇ

359 2839 454 2918 μένοις
485 2863 524 2906 an
556 2842 608 2906 σὺν
638 2849 700 2915 τοῖς
732 2841 775 2920 μὴ
806 2843 898 2923 ὀρθῶς.
930 2842 1113 2926 Utrumque
1139 2845 1225 2908 enim
1251 2863 1349 2908 sensu

359 2974 487 3020 cassum
509 2961 565 3020 est

403 3070 432 3132 8.
470 3068 612 3152 intelligi
645 3070 773 3153 quidem
810 3069 918 3152 aliquo
952 3068 1046 3132 modo
1081 3073 1217 3152 possunt
1251 3069 1270 3150 ἕ
1305 3070 1346 3133 37

359 3180 454 3246 verba
479 3184 537 3246 τῶν
559 3180 706 3259 ἑπομένων
728 3180 849 3253 τούτοις.
874 3181 1040 3246 Vocabulo
1065 3183 1150 3246 enim
1172 3179 1282 3254 τούτοις
1306 3184 1349 3248 si-

356 3295 550 3380 gnificantur
582 3294 607 3359 οἱ
640 3301 757 3367 σκυτεῖς
790 3297 951 3379 ceterique
983 3296 1040 3379 qui
1069 3296 1283 3379 praecedunt3
1307 3294 1349 3359 rol

358 3405 489 3486 irripere
511 3409 598 3493 (nam
621 3409 769 3474 ωοωιννῖιοε
787 3411 913 3494 generis
933 3413 982 3473 est
1001 3406 1158 3489 ἑπομένων)
1176 3429 1251 3494 ergo
1271 3415 1349 3474 sunt

360 3539 415 3586 eae
437 3541 498 3605 res,
522 3543 659 3606 quarum
683 3542 780 3587 causa
802 3526 859 3585 τῶν
882 3519 1009 3585 σκυτέων
1028 3521 1080 3585 κτὲ
1099 3523 1246 3607 exemplo
1267 3542 1348 3587 usus

360 3640 408 3700 est
427 3635 579 3702 Socrates.
599 3637 661 3702 Sed
681 3638 763 3721 quia,
783 3655 911 3721 quaeso,
926 3636 989 3700 tale
1001 3637 1153 3700 orationis
1165 3639 1346 3700 monstrum

359 3769 378 3812 a
400 3748 614 3835 Xenophonte
635 3750 824 3834 exspectet?

269 3861 351 3926 Mira
384 3870 461 3928 suut
495 3884 577 3949 quae
611 3866 630 3947 ᾗ
662 3866 793 3928 39-48
823 3864 984 3948 leguntur,
1007 3881 1113 3947 neque
1136 3882 1201 3945 qua
1223 3864 1347 3930 ratione

226 3995 300 4040 cum
330 3977 592 4061 praecedentibus
623 3979 786 4042 conciliari
816 3980 941 4062 possint
971 3977 1073 4040 rideo.
1104 3974 1188 4040 Setis
1216 3976 1346 4059 quidem

225 4089 331 4172 lepida
360 4095 409 4155 est
439 4094 578 4158 narratio
608 4091 648 4156 de
677 4091 800 4176 pupillo
831 4089 999 4154 Alcibiade
1027 4093 1164 4154 tutorem
1188 4087 1346 4155 Periclem

225 4203 417 4288 confutante,
440 4205 495 4269 sed
520 4206 606 4289 quid,
630 4224 757 4289 quaeso,
781 4223 819 4269 ea
833 4204 1022 4297 ¹narratione
1045 4201 1221 4286 probatur?
1242 4203 1294 4266 An
1312 4202 1347 4265 id

226 4317 313 4400 quod
339 4318 516 4402 praecedit:
542 4316 659 4384 Orilire
680 4323 710 4384 et
731 4316 909 4384 Alcibiadae
932 4315 1088 4400 quamdiu
1111 4314 1250 4382 Socratis
1275 4321 1345 4382 ute-
