3330 5262
872 615 936 680 356

341 801 448 884 iisque
480 801 582 866 semel
610 803 796 886 iterumque
826 821 902 867 cum
931 820 1047 886 magno
1071 801 1190 865 damno
1216 821 1287 868 esse
1309 803 1465 888 repulsos.

342 913 390 979 Ea
424 919 534 979 autem
571 912 688 979 Galliae
723 917 845 980 mentio
882 915 1050 999 excidisse,
1085 920 1116 980 et
1150 917 1196 980 sic
1231 920 1297 981 tota
1326 918 1466 982 narratio

344 1025 480 1092 obseura
502 1027 586 1092 faeta
608 1046 679 1092 esse
701 1028 836 1093 videtur.

387 1140 427 1224 V,
451 1141 501 1204 19.
525 1140 694 1206 Sincerum
720 1159 878 1207 essenon
901 1145 1021 1225 potest:
1046 1139 1070 1204 ci
1091 1138 1228 1222 palea
1251 1140 1283 1204 δὲ
1302 1143 1465 1222 τῶνΚορνν-

342 1251 414 1326 δίων,
438 1251 531 1316 οὐκέτι
554 1251 630 1334 πεζῇ
654 1253 804 1334 παριόντες
827 1252 860 1316 ἐκ
882 1255 1023 1325 Σικυῶνος
1047 1251 1096 1318 διὰ
1115 1251 1168 1326 τὴν
1187 1259 1241 1327 τῆς
1253 1252 1347 1334 μόρας
1358 1253 1465 1318 δυστο-

341 1365 424 1445 χίαν,
448 1365 531 1430 οὶλλοὶ
553 1365 772 1448 παραπλέοντες
796 1364 846 1430 καὶ
868 1367 995 1430 ἐντεῦθεν
1015 1365 1181 1447 ὁρμώμενοι,
1202 1361 1466 1448 πραγματαεῖχδν

344 1503 377 1542 τε
408 1478 460 1543 καὶ
487 1486 630 1560 παρεῖχον
654 1487 711 1552 τοῖς
734 1480 764 1544 ἒν
787 1480 827 1560 τῷ
850 1476 941 1544 ἄττα.
965 1479 1094 1545 Etenim
1118 1482 1283 1565 participio
1307 1479 1466 1561 ὁρμώμενοι

342 1596 388 1660 sic
409 1593 475 1659 fere
496 1596 557 1659 loci
580 1594 709 1661 additur
732 1598 829 1680 notio,
854 1601 891 1660 ut
914 1595 1137 1680 significentur
1159 1601 1272 1680 castra,
1292 1598 1380 1662 unde
1391 1617 1466 1683 pars

344 1708 485 1772 militum
522 1707 659 1773 subinde
680 1709 715 1773 in
738 1729 852 1794 agrurn
877 1708 1027 1773 hostilem
1052 1710 1260 1774 excursiones
1283 1709 1410 1793 faciant,
1434 1716 1467 1775 et

344 1842 409 1905 quo
433 1823 585 1906 praedam
607 1827 777 1907 reportent.
800 1822 895 1888 Unde
918 1826 1027 1887 autem
1048 1820 1206 1902 ὁρμώμενοι
1225 1821 1466 1888 Corinthiorum

343 1935 455 2002 exules
485 1936 539 2000 hic
570 1937 723 2002 dicuntur
753 1937 944 2002 adversariis
973 1938 1042 2002 suis
1067 1936 1229 2002 molestias
1253 1937 1466 2004 exhibuisse?

342 2048 396 2113 An
420 2047 459 2112 ab
484 2068 538 2112 ora
563 2049 751 2114 maritima?
773 2050 819 2114 At
841 2068 947 2134 neque
971 2069 1027 2114 ora
1048 2051 1212 2115 maritima
1231 2050 1382 2116 exulibus
1401 2051 1467 2116 illis

342 2181 400 2247 pro
424 2163 537 2226 castris
557 2161 657 2228 fuisse
677 2163 740 2227 dici
759 2167 871 2247 potest,
891 2168 923 2227 et
941 2162 1120 2227 absurdum
1133 2164 1263 2229 videtur
1274 2163 1464 2230 adverbium

342 2276 403 2341 loci
428 2275 628 2341 adverbum
652 2274 874 2357 παραπλέοντες
897 2277 1100 2342 referendum
1125 2296 1196 2342 esse
1219 2281 1339 2363 putare.
1364 2277 1466 2342 credo

341 2391 441 2475 igitur
462 2389 559 2454 verba
582 2388 631 2453 nai
654 2390 782 2454 saraitae
804 2389 961 2469 ὁρμώμενον
983 2390 1113 2454 doctum
1135 2391 1296 2475 quendam
1311 2390 1463 2456 lectorem

340 2505 375 2567 in
401 2504 545 2589 margine
564 2505 738 2588 scripsisse,
762 2508 798 2568 ut
821 2522 884 2584 eos,
910 2504 967 2586 qui
984 2502 1082 2567 verba
1099 2502 1248 2582 παριόντες
1268 2503 1302 2567 ἐκ
1322 2506 1465 2576 Σικυῶνος

342 2622 448 2683 essent
480 2616 604 2701 lecturi,
634 2617 790 2682 solemnis
821 2618 1023 2700 usitataeque
1049 2616 1202 2701 loquendi
1226 2615 1386 2682 formulae
1409 2617 1465 2681 ed·

342 2735 496 2796 moneret.

387 2842 489 2929 Caput
523 2843 579 2927 VI,
611 2846 639 2908 3.
671 2844 792 2910 Achaei
816 2843 940 2928 urbem,
965 2865 1063 2928 quam
1087 2845 1122 2908 in
1146 2844 1272 2909 Aetolia
1295 2842 1467 2927 habebant,

343 2956 507 3039 Calydona
529 2957 697 3042 praesidiis
721 2959 803 3021 tueri
826 2962 989 3042 coguntur
1006 2961 1116 3022 contra
1134 2957 1341 3021 Acarnanum
1355 2959 1465 3021 incur-

342 3073 456 3138 siones.
479 3070 615 3156 Legatos
639 3090 714 3156 ergo
738 3071 885 3156 Spartam
911 3073 1043 3137 mittunt
1068 3072 1167 3137 simul
1192 3072 1231 3137 de
1253 3072 1463 3136 Acarnanum

340 3187 469 3251 iniuriis
504 3190 535 3251 et
570 3185 609 3250 de
644 3184 874 3270 Spartanorum
909 3186 1064 3251 adversus
1095 3204 1129 3251 se
1152 3187 1276 3250 incuria
1299 3186 1465 3270 negligen-

341 3301 450 3384 tiaque
477 3304 704 3383 conquestum.
730 3299 824 3381 ,Nos
849 3298 958 3364 enim‘’
983 3301 1074 3364 aiunt
1102 3300 1274 3382 „fidelium
1300 3301 1463 3364 sociorum

343 3433 470 3498 semper
501 3413 604 3477 functi
638 3434 754 3478 sumus
787 3433 929 3497 munere,
954 3433 1145 3498 semperque
1167 3433 1225 3478 vos
1249 3433 1312 3498 quc
1339 3414 1464 3480 velletis

342 3531 376 3593 in
399 3527 521 3593 bellum
550 3529 694 3592 comitati
717 3548 835 3593 sumus
858 3548 934 3591 oum
961 3532 1007 3592 tot
1032 3527 1189 3593 militibus
1213 3532 1293 3612 quot
1314 3529 1378 3612 ipsi
1400 3529 1464 3592 im-

342 3643 503 3728 peraretis.
536 3641 605 3706 Vos
643 3646 752 3706 autem
788 3643 898 3724 nostri,
934 3641 1013 3705 dum
1049 3640 1132 3706 ballo
1166 3640 1205 3705 ab
1239 3617 1465 3705 Acamanibus

343 3775 521 3840 eorumque
544 3757 639 3820 sociis
663 3757 814 3840 petimur,
838 3755 963 3819 nullam
987 3755 1080 3839 agitis
1104 3753 1246 3818 curam.'’
1260 3754 1464 3839 Egregiaque

343 3875 374 3936 et
394 3870 434 3935 ad
453 3869 711 3956 persuadendum
734 3871 901 3954 aptissima
913 3870 1000 3936 illius
1014 3870 1234 3955 querimoniae
1246 3870 1464 3952 estelocuti03

345 4051 491 4061 -——

340 4167 553 4231 παρατεταγμένον
576 4167 618 4217 καῖ
640 4172 687 4217 τῶν
710 4172 855 4217 πελταστῶν
879 4169 908 4216 τὸ
928 4167 991 4216 πολὺ
1009 4164 1052 4215 καὶ
1068 4161 1169 4215 ἐνταῦθα
1187 4162 1308 4227 ὑπέμενον,
1327 4164 1369 4215 καὶ
1385 4166 1418 4216 τά
1435 4183 1466 4215 τε

342 4259 410 4311 ἄλλα
433 4259 495 4323 βέλη
519 4259 620 4323 ἠφίεσαν
643 4259 685 4308 καὶ
705 4253 755 4317 τοῖς
778 4257 869 4322 δάρατον
895 4257 1085 4325 ἐξακοντίζοντες
1103 4255 1190 4314 ἱππέας
1207 4273 1235 4307 τε
1252 4255 1405 4319 κατέτρωσαν
1423 4257 1469 4307 καὶ

342 4351 427 4410 ἳππονς
444 4353 509 4409 τινας
526 4349 676 4412 ἀπέκτειναν,
