3330 5262
739 573 805 636 383

208 755 288 820 Cum
318 756 483 839 acceptata
513 759 598 820 enim
629 756 768 822 navibus
800 755 990 822 iamdudum
1023 757 1120 822 finem
1143 749 1259 822 fecerat
1281 762 1333 822 τοῦ

205 875 353 948 περιπλεῖν
384 868 437 942 τὴν
469 867 684 942 Πελοποννησον
714 869 913 944 Timotheus
936 869 1174 953 Corcyramque
1198 890 1332 956 occupa-

207 989 296 1046 verat
328 982 379 1064 (V,
409 987 439 1065 4,
471 983 533 1065 64).
564 983 732 1048 Praeterea
756 1003 773 1047 e
797 983 836 1064 V,
860 985 890 1064 4,
916 984 957 1045 66
981 986 1204 1068 cognoscimus
1226 985 1331 1048 Timo-

206 1097 325 1169 theum,
348 1097 486 1161 navibus
518 1095 767 1179 Corcyraeorum
792 1096 1024 1179 accedentibus,
1048 1099 1112 1160 iam
1135 1099 1208 1182 plus
1234 1117 1331 1181 quam

206 1210 407 1292 septuaginta
436 1230 536 1275 naves
567 1210 700 1292 habere3
734 1230 809 1295 ergo
842 1211 881 1275 de
904 1211 1005 1274 classe
1028 1211 1221 1276 Atheniensi
1242 1231 1332 1276 sexa·

205 1323 297 1406 pinta
319 1326 449 1388 navium
472 1327 537 1388 iam
560 1344 626 1388 non
649 1330 754 1409 potest
780 1343 882 1389 sermo
908 1343 985 1389 esse.

254 1435 356 1521 Caput
378 1437 420 1519 II,
445 1439 472 1500 7.
495 1437 684 1522 Mnasippus
708 1436 883 1522 Spartanus
908 1457 981 1501 oum
1005 1436 1107 1500 classe
1131 1438 1269 1501 mittitur
1292 1435 1332 1501 ad

210 1550 456 1634 expugnandam
490 1549 671 1632 Corcyram,
703 1569 785 1634 quae
813 1551 921 1614 insula
948 1551 1044 1633 paulo
1068 1554 1143 1613 ante
1165 1545 1205 1613 ad
1228 1549 1332 1614 Timo-

210 1664 317 1728 theum
343 1669 374 1728 et
396 1664 609 1728 Athenienses
632 1664 807 1728 defecerat:
831 1665 859 1727 is
883 1665 1022 1747 primum
1047 1668 1173 1727 tantum
1196 1664 1331 1748 praedae

212 1777 286 1858 agit,
307 1781 343 1840 ut
365 1778 482 1841 milites
506 1776 656 1841 omnibus
678 1777 774 1842 rebus
799 1775 973 1840 abundent.
994 1773 1096 1838 ἔπεντον
1117 1775 1148 1838 δὲ
1166 1771 1335 1856 κοντεοτροοέ

210 1886 406 1952 τοπεδεύοοντο
440 1889 480 1968 τῷ
515 1889 570 1966 μὲν
604 1887 682 1968 πεζῷ
714 1887 761 1952 ἐπὶ
793 1886 877 1969 λόφον
907 1886 1052 1967 ἀπέχοντι
1081 1893 1135 1960 τῆς
1159 1887 1274 1959 πόλεως
1293 1890 1332 1960 ὥς

210 1999 297 2064 πέντε
330 2000 439 2066 aratra
473 2003 526 2082 πρὸ
555 2009 610 2076 τῆς
639 2002 741 2082 χώρας
771 2000 841 2074 ἕντι,
871 1999 948 2073 ὅπως
979 2000 1172 2078 ἀποτέμνοιτο
1194 1999 1333 2076 ἐντεῦθεν,Ι

210 2111 300 2185 εἴτις
322 2113 371 2178 ἐπὶ
394 2114 447 2187 τὴν
468 2115 568 2195 χώραν
590 2119 647 2178 τῶν
670 2114 845 2195 Κερκυραίων
868 2111 943 2188 ἕξοόν.
972 2114 1068 2180 Collis
1091 2136 1165 2200 ergo
1190 2117 1251 2199 ille,
1274 2116 1332 2179 ubi

211 2234 313 2292 castra
346 2231 436 2313 ponit
469 2229 664 2313 Mnasippus,
697 2231 781 2293 inter
811 2228 922 2292 urbem
954 2234 1022 2292 erat
1045 2234 1076 2292 et
1099 2248 1191 2312 agros
1215 2227 1334 2309 Corcy-·

210 2360 366 2425 raeorum,
391 2343 477 2407 unde
500 2343 689 2428 intelligitur
712 2344 772 2406 hoc
794 2343 895 2407 fuisse
916 2343 1077 2427 Mnasippi
1096 2344 1274 2426 consilium,
1295 2348 1332 2407 ut

211 2455 376 2518 insulanos
407 2457 516 2539 inopia
546 2461 712 2539 premeret.
735 2455 901 2520 Hactenus
925 2457 1033 2518 omnia
1056 2460 1133 2519 sunt
1154 2457 1332 2540 perspicua,

211 2569 267 2632 sed
298 2571 443 2652 sequitur
473 2570 603 2653 aliquid,
634 2571 719 2653 quod
743 2575 842 2633 totam
867 2568 1030 2652 perturbet
1053 2571 1282 2652 narrationem:
1307 2565 1334 2632 sl

210 2703 255 2752 τος
277 2680 326 2744 ἐπὶ
350 2681 403 2754 τὴν
426 2682 526 2762 χώραν
547 2686 604 2746 τῶν
628 2681 802 2763 Κερκνροοίων
827 2679 903 2756 ἐξίοι.
926 2683 1068 2766 Intelligi
1091 2683 1168 2746 haec
1189 2688 1330 2767 possent,

211 2797 239 2860 si
272 2796 461 2882 Mnasippus
496 2799 645 2880 venisset,
675 2817 739 2861 non
770 2803 807 2860 ut
841 2796 953 2860 urbem
984 2800 1192 2880 expugnaret,
1216 2796 1271 2860 sed
1295 2801 1331 2860 ut

211 2928 280 2973 eam
314 2919 426 2976 contra
456 2912 639 2976 vicinorum
673 2912 873 2975 incursiones
905 2909 1104 2990 defenderet;
1139 2910 1218 2973 nihil
1242 2911 1335 2976 onim

211 3023 300 3086 aliud
326 3043 362 3089 ea
385 3025 482 3089 verba
505 3024 684 3108 significare
706 3031 842 3108 possunt
866 3043 981 3107 quam:
1006 3025 1034 3086 si
1059 3024 1132 3107 quis
1155 3023 1189 3085 in
1215 3021 1331 3103 Corcy-

211 3157 357 3202 raeorum
391 3159 502 3223 agrum
535 3139 769 3223 expeditionem
800 3137 925 3201 faceret.
959 3135 1059 3201 Credo
1083 3136 1181 3201 verba
1203 3133 1253 3198 ἐπὶ
1276 3135 1334 3208 τὴν

210 3251 310 3331 χώραν
344 3253 418 3316 olim
453 3255 488 3316 in
503 3261 505 3265 ’
523 3253 666 3336 margine
700 3252 799 3316 fuisse
832 3252 989 3335 adscripta
1020 3250 1059 3314 ab
1078 3257 1138 3334 ee,
1163 3253 1228 3334 qui,
1252 3251 1334 3334 quid·

211 3365 400 3450 Mnasippus
430 3365 533 3449 vellet,
564 3366 707 3430 nondum
739 3368 816 3430 satis
846 3385 863 3429 e
893 3364 1156 3449 praecedentibus
1180 3384 1334 3449 apparere

211 3484 346 3563 putaret,
378 3499 481 3561 eaque
514 3479 620 3561 verba,
655 3498 738 3562 quae
766 3497 873 3561 neque
903 3479 974 3562 ipsa
1003 3477 1081 3541 satis
1105 3476 1186 3541 bene
1209 3475 1333 3542 Graeca

211 3597 287 3656 sunt
310 3595 493 3676 (praestaret
517 3595 603 3658 enim
624 3592 664 3663 εἰς
686 3591 739 3664 τὴν
759 3591 881 3674 χώραν),
900 3610 1049 3675 perverso
1068 3592 1138 3654 loco
1158 3592 1333 3655 intextum

210 3706 383 3790 irrepsisse.
417 3707 462 3771 lis
498 3712 604 3771 autem
636 3707 747 3770 deletis
777 3707 900 3770 nemini
925 3704 1098 3768 obscurum
1123 3723 1193 3768 esse
1215 3709 1333 3789 potest,

211 3818 250 3882 ab
285 3821 370 3904 agris
391 3821 592 3885 ¹interclusos
623 3839 693 3884 esse
722 3840 741 3882 a
770 3819 938 3903 Mnasippo
964 3816 1166 3900 Corcyraeos,
1188 3837 1229 3882 ne
1252 3819 1327 3882 inde'

210 3940 423 3998 commeatum
447 3941 596 4018 peterent.
627 3945 629 3950 '

217 4083 218 4088 ν
252 4047 295 4132 Π,
320 4050 369 4112 ll.
401 4050 535 4113 Auxilio
559 4048 742 4130 Corcyraeis
765 4048 979 4112 Athenienses
1003 4051 1172 4111 sexcentos
1197 4047 1331 4112 mittunt

208 4163 357 4247 peltastas
381 4163 463 4228 duce
485 4162 624 4245 Stesicle,
647 4168 678 4227 et
701 4161 741 4226 ab
760 4162 872 4226 Alceta
890 4160 980 4246 Epiri
999 4179 1075 4244 rege
1087 4166 1211 4244 petunt,
1223 4166 1260 4224 ut
1273 4179 1332 4225 eos.

209 4277 345 4358 navibus
376 4277 585 4341 transmittat:
616 4272 667 4338 κοοὶ
698 4269 772 4339 οὗτον
803 4274 858 4352 μὲν
891 4273 992 4346 νυκτὸς
1015 4271 1253 4358 δνοννοορινοόἐντεςΙ
1272 4295 1328 4337 που
