3348 5262
889 625 952 690 198

354 831 431 896 pore
453 811 545 875 firmo
570 817 601 875 et
624 812 732 874 animo
755 810 793 873 ad
818 809 942 874 labores
960 808 1164 892 perferendos
1184 810 1310 892 egregie
1322 809 1477 888 instituto,

354 928 490 1010 possunt
525 923 613 996 Ξόντες
647 922 686 994 εἰς
718 923 775 994 τὰς
804 925 860 985 τῶν
892 919 1118 985 ατοιιωλωόντων
1149 919 1317 998 λαμβάνειν
1348 920 1407 1000 ἀφ’
1440 914 1475 982 ὦν

354 1034 515 1116 θρέψονται.
540 1035 611 1112 Quo
633 1035 763 1100 tandem
785 1035 988 1100 referendum
1007 1042 1055 1100 est
1074 1035 1162 1100 istud
1181 1034 1221 1106 εἷς
1238 1031 1318 1106 cair?
1331 1035 1383 1096 An
1396 1033 1477 1097 forte

354 1150 396 1215 ad
428 1157 465 1230 qt
499 1147 626 1231 γεωργός
659 1149 745 1233 quod
775 1149 943 1232 praecedit,
975 1150 1032 1214 sed
1063 1151 1139 1214 satis
1169 1150 1265 1234 longe
1295 1148 1409 1213 abest?
1432 1148 1478 1211 At

355 1283 448 1328 nemo
482 1261 609 1342 καρποὺς
643 1260 797 1339 λαμβάνει
830 1262 891 1326 dat
920 1265 977 1325 τῶν
1007 1265 1160 1340 γεωργιῶν,
1193 1281 1307 1326 vorum
1336 1260 1397 1325 ιὶτό
1420 1263 1477 1324 τῶν

354 1375 461 1456 ἀγρῶν.
493 1375 679 1459 [regendum
710 1373 839 1439 videtur
869 1373 957 1447 ἰόντες
988 1373 1053 1437 ἐπὶ
1083 1365 1131 1440 τοὶ
1153 1377 1210 1437 τῶν
1233 1371 1476 1437 ατοκωλνόντωνε

354 1494 489 1575 possunt
511 1488 734 1568 expeditionem
753 1487 860 1568 facere
882 1487 917 1551 ἰιν
936 1493 1054 1552 terram
1072 1487 1215 1571 Ῑιοεόόοινα,
1236 1488 1312 1552 inde
1326 1487 1476 1572 praedam

354 1623 448 1690 agere
471 1609 503 1668 et
525 1605 572 1668 sic
594 1602 711 1667 habere
733 1603 820 1666 unde
844 1603 964 1666 vivant

398 1719 455 1801 VI,
490 1719 519 1780 6.
552 1716 696 1800 Rogatus
730 1736 750 1780 a
781 1715 918 1797 Socrate,
949 1714 1098 1780 lubeatuc
1129 1735 1175 1798 ea,
1199 1716 1238 1779 de
1269 1713 1390 1798 quibus
1411 1715 1477 1777 iam

354 1833 438 1896 inter
466 1850 520 1895 eos
543 1831 577 1894 in
601 1829 793 1912 disputando
818 1829 976 1911 convenit,
1001 1827 1139 1894 breviter
1161 1829 1314 1922 memoria
1335 1833 1477 1911 repetere

355 1949 387 2009 et
420 1946 466 2009 sic
500 1944 540 2007 ad
570 1943 695 2026 reliqua
724 1943 870 2024 transire,
902 1940 1086 2005 Critobulus
1118 1941 1304 2028 respondet:
1328 1939 1383 2013 ἡδὺ
1405 1943 1477 2018 γοῦν

354 2057 441 2130 ἐστόν,
465 2054 555 2136 ω’ςνιερ
586 2053 637 2119 καὶ
661 2053 826 2134 χρημάτων
848 2054 1077 2127 κοινωνήσαντας
1101 2052 1318 2134 ἀναμφιλόγως
1346 2054 1476 2123 διελόεῑν.

354 2168 426 2236 οὕτω
456 2168 509 2234 καὶ
541 2169 635 2247 λόγων
657 2171 858 2239 κοινωνοῦντας
880 2164 944 2246 ιιερὶ
969 2162 1005 2230 ὦν
1027 2164 1064 2230 όιν
1087 2166 1294 2244 διαλεγόμεθα
1318 2181 1476 2244 συνομολο-

355 2289 483 2362 γοῦντας
517 2277 661 2355 διεξιέναι.
696 2282 765 2344 Aut
792 2281 881 2344 istud
912 2278 1031 2344 διελόεῖν
1062 2286 1247 2366 corruptum
1280 2284 1337 2361 est,
1361 2281 1476 2343 autin

354 2395 520 2475 χρημάτων
543 2391 773 2466 κοινωνήσαντας
794 2391 914 2456 διελθεῖν
939 2392 1056 2476 aliquis
1079 2391 1250 2458 verborum
1275 2392 1369 2456 lusus
1393 2392 1477 2456 latet.

356 2509 448 2575 Certe
482 2507 610 2593 probari
644 2526 710 2570 non
743 2510 848 2593 potest
882 2505 1067 2570 Schneideri
1101 2507 1281 2592 explicatio,
1313 2508 1370 2589 qui
1400 2507 1478 2570 haec

355 2627 502 2687 annotat:
540 2670 556 2702 „
567 2621 710 2703 intelligo
745 2615 795 2682 τόν
829 2615 925 2695 λόγον,
960 2621 1099 2683 rationes
1133 2618 1371 2704 pecuniarias’':
1407 2638 1477 2683 eam

356 2738 442 2802 enim
477 2734 721 2821 exph‘cationem
753 2733 957 2816 participium
985 2731 1149 2811 praeteriti
1170 2732 1316 2811 temporis
1346 2731 1476 2804 κοινωνή-

355 2872 469 2922 σαντας
491 2868 558 2913 non
582 2848 727 2911 admittit.

401 2963 503 3047 Caput
526 2959 599 3042 VH,
622 2961 649 3023 5.
672 2958 792 3040 „Uxor
810 2957 902 3022 mea''
915 2957 1142 3024 Ischomachus
1155 2963 1262 3022 narrat
1277 3007 1292 3040 „
1305 2963 1477 3043 antequam

356 3078 434 3142 mihi
465 3076 575 3158 nupsit
604 3069 654 3152 ἔζη
679 3071 733 3135 ὑπὸ
757 3077 871 3144 πολλῆς
894 3071 1066 3148 ἐπιμελείας
1091 3075 1144 3150 (an
1166 3079 1263 3152 πολλῇ
1288 3070 1477 3155 ε’τιμελεόςιῖ)

356 3187 432 3259 ότως
461 3184 614 3264 ε’λοόχιττα
643 3181 698 3261 μὲν
728 3181 836 3263 όψοιτο,
859 3182 1011 3262 ἐλόχιστα
1035 3182 1247 3258 didacticum,
1272 3177 1423 3264 ε’λοὶχιστα
1447 3185 1477 3248 δὲ

355 3300 448 3383 ἔροιτο.
482 3301 546 3364 Pro
578 3304 727 3383 corrupto
758 3295 844 3378 ἔροιτο
876 3298 1015 3364 Cobetus
1047 3300 1144 3365 scribi
1167 3301 1264 3365 iussit
1285 3299 1366 3380 ἐροίη.
1391 3300 1478 3365 Num

355 3421 440 3480 recte
472 3413 592 3478 dubito.
615 3412 728 3476 Puella
750 3414 845 3494 enim,
872 3431 954 3496 quae
977 3416 1043 3476 tam
1068 3433 1177 3478 severe
1201 3413 1390 3497 custoditur,
1413 3434 1477 3477 non

356 3529 458 3594 multa
487 3545 616 3590 narrare
639 3530 750 3610 potest,
776 3525 833 3588 scd
856 3525 916 3588 hoc
940 3526 1036 3589 anxie
1060 3525 1215 3592 curabant
1238 3545 1279 3590 ne
1302 3527 1478 3610 quidquam

356 3659 547 3725 cognoscere
569 3643 678 3723 posset
700 3657 822 3718 eorum,
847 3656 929 3721 quac
951 3638 1079 3720 puellae
1103 3641 1233 3724 cognitu
1251 3659 1365 3722 parum
1387 3640 1479 3704 utilia

356 3758 471 3819 essent.
504 3753 607 3836 Atqui
639 3751 861 3834 cognoscimus
875 3750 1056 3840 audiendo,
1081 3751 1228 3834 videndo,
1251 3756 1307 3816 aut
1328 3753 1357 3814 si
1379 3751 1478 3816 h'bsre

357 3868 462 3932 oculis
496 3865 694 3948 auribusque
726 3864 774 3926 uti
804 3862 1020 3946 prohibemur,
1043 3863 1184 3947 rogando
1215 3865 1303 3928 ahos.
1332 3863 1479 3948 Rogandi

357 4000 432 4065 ergo
456 3978 591 4044 verbum
614 3994 778 4041 remanere
803 3974 904 4056 debet,
927 3976 982 4039 sed
1001 3996 1059 4060 pro
1079 3978 1195 4041 aoristo
1214 3976 1359 4042 futurum
1372 3978 1479 4063 legen-

358 4096 435 4159 dum
459 4097 517 4174 est,
540 4088 841 4171 emendandumque
865 4086 998 4166 ε’ρήσοιτο.
1024 4088 1072 4154 De
1094 4090 1197 4155 forms
1219 4090 1321 4155 futuu'
1344 4091 1418 4155 vide
1436 4110 1478 4157 cx

357 4209 469 4273 multis
491 4207 570 4270 locis
595 4202 667 4268 Ooo.
690 4201 750 4283 XI,
774 4203 834 4264 22:
859 4196 983 4277 ἔμελλον
1006 4201 1162 4282 ε’ριὶσετόαι.

401 4321 475 4403 VII,
499 4321 528 4382 8.
551 4316 702 4381 Indicabo
722 4314 942 4380 tantummodo
962 4316 1086 4400 vitium,
1099 4337 1163 4400 quo
1183 4318 1235 4382 hic
1246 4318 1337 4382 locus
1348 4317 1479 4382 laborat.
