3352 5260
756 667 818 734 115

218 876 328 921 eorum
354 875 485 920 sensum
509 874 595 920 esse:
621 854 740 919 Ceteris
763 855 914 920 omnibus
937 856 1165 940 cupiditatibus
1189 855 1239 938 (ad
1262 879 1343 941 quas

218 969 397 1052 implendas
430 968 567 1052 pecunia
601 987 682 1050 opus
714 969 772 1049 ast)
805 967 978 1051 discipulos
1002 987 1077 1032 suos
1099 966 1263 1051 liberabat,
1287 970 1343 1034 sed

219 1084 247 1146 si
277 1084 351 1166 quis
379 1084 482 1166 ipsius
505 1083 535 1163 (i.
550 1100 574 1145 e.
597 1081 826 1164 philosophiae)
851 1082 988 1165 cupidus
1012 1085 1095 1146 esset
1118 1083 1155 1159 (e.
1169 1099 1194 1145 c.
1218 1081 1343 1164 Euthy-

219 1195 332 1259 demus
361 1194 418 1276 IV,
450 1195 490 1276 2),
513 1193 553 1256 ab
576 1211 613 1256 eo
636 1194 808 1276 pecuniam
831 1213 895 1256 non
921 1193 1076 1277 exigebat.
1102 1191 1166 1270 Qui
1189 1212 1263 1277 ergo
1287 1193 1344 1259 So-

218 1308 315 1370 cratis
348 1305 564 1370 familiaritate
599 1304 780 1387 utebantur,
814 1306 855 1368 iis
889 1307 1026 1389 pecunia
1057 1325 1139 1390 opus
1169 1326 1234 1370 non
1267 1313 1344 1390 erat,

218 1423 328 1504 itaque
350 1439 456 1504 neque
478 1421 634 1503 pecuniae
658 1418 745 1483 avidi
767 1418 894 1484 fiebant.

263 1533 304 1597 H.
341 1532 433 1609 Quod
468 1533 507 1597 de
540 1533 597 1615 IV,
629 1535 658 1616 3,
691 1532 883 1621 8observat
907 1533 1107 1616 Schenldius,
1130 1553 1280 1618 perverse
1303 1534 1342 1598 ab

219 1646 422 1729 Euthydemo
456 1646 596 1728 concedi,
626 1665 795 1730 corporum
826 1647 1010 1711 coelestium
1044 1653 1167 1711 motum
1190 1646 1345 1725 ἀνθρώπων

219 1756 301 1822 ἕνεκα
323 1759 402 1841 fieri,
427 1758 514 1843 quod
537 1777 612 1822 cum
635 1759 686 1822 his
709 1758 815 1823 verbis
838 1759 928 1823 nullo
951 1760 1044 1823 modo
1065 1760 1229 1823 conciliari
1241 1761 1343 1844 possit

220 1873 363 1937 eiusdem
399 1872 438 1935 de
472 1874 584 1936 ceteris
616 1870 808 1936 animalibus
830 1870 945 1952 anapia,
969 1872 1070 1936 fateor
1093 1873 1171 1935 mihi
1195 1873 1257 1935 viri
1280 1873 1343 1936 cla-

220 1987 339 2050 rissimi
373 1987 563 2050 sententiam
597 1985 770 2049 admodum
803 1985 972 2050 obscuram
1002 1986 1112 2050 videri.
1141 1985 1224 2050 Satis
1256 1988 1342 2049 enim

221 2104 293 2184 apte
315 2099 512 2182 colloquium
536 2098 707 2181 procedere
730 2099 851 2182 opinor,
872 2098 958 2181 quod
978 2117 1066 2161 nuno
1086 2097 1248 2162 habemus.
1261 2096 1344 2161 Con-

221 2214 316 2277 cessit
337 2211 562 2292 Euthydemus
585 2230 717 2294 corpora
738 2211 887 2275 coelestia
908 2211 1076 2274 hominum
1098 2230 1194 2274 eausa
1211 2212 1343 2275 moveri.

219 2323 344 2408 Rogare
366 2325 472 2408 pergit
495 2322 654 2387 Socrates:
681 2342 787 2386 nonne
810 2327 841 2387 ot
864 2323 923 2386 hoc
944 2323 1113 2386 hominum
1133 2342 1229 2386 causa
1250 2324 1342 2388 insti-

220 2441 327 2501 tutum
354 2455 423 2500 esse
445 2440 548 2520 putas,
572 2435 657 2519 quod
681 2453 787 2518 neque
810 2436 916 2498 statim
939 2441 1011 2518 post
1035 2441 1215 2500 extremum
1238 2435 1341 2519 frigus

221 2569 367 2613 summus
398 2549 484 2612 calor
513 2548 558 2630 fit,
588 2567 693 2632 neque
723 2567 764 2611 ex
788 2567 915 2612 summo
939 2548 1042 2612 calore
1066 2548 1172 2612 subito
1197 2550 1342 2613 nascitur

220 2667 401 2726 extremum
432 2661 544 2745 frigus,
571 2661 627 2725 sed
657 2665 688 2725 ot
719 2661 804 2725 calor
827 2666 858 2725 ot
880 2660 984 2744 frigus
1007 2663 1127 2725 sensim
1150 2667 1286 2745 augetur
1310 2667 1341 2726 et

219 2775 402 2838 minuitur?
436 2773 619 2859 Respondet
651 2773 894 2856 Euthydemus:
933 2773 1044 2856 ,Puto
1073 2776 1119 2838 ita
1142 2792 1220 2856 esse,
1244 2779 1281 2838 ut
1304 2778 1339 2837 tu

220 2889 340 2970 dixisti,
363 2889 418 2952 sed
441 2889 518 2952 haee
542 2889 621 2952 mihi
645 2887 812 2952 dubitandi
833 2892 931 2952 restat
955 2907 1059 2971 causa,
1080 2888 1167 2971 quod
1187 2893 1218 2952 ot
1237 2893 1341 2952 cetera

220 3001 370 3065 animalia
403 3001 454 3066 his
488 3001 580 3066 bonis
612 3001 791 3065 fruantur.''
829 3002 900 3082 ,At
931 3001 1038 3066 enim''
1062 3000 1207 3066 Socrates
1230 3003 1338 3085 inquit

223 3117 358 3197 „omnia
386 3115 536 3179 animalia
566 3117 689 3200 etipsa
711 3115 850 3179 hominis
874 3135 972 3179 eausa
994 3121 1069 3179 nata
1093 3107 1225 3180 suntet
1248 3116 1340 3180 alun-

220 3227 302 3292 tur’'.
325 3227 572 3292 Perturbaretur
595 3228 790 3311 colloquium
810 3228 837 3292 si
857 3227 1035 3312 legeremus
1053 3228 1096 3310 id,
1115 3229 1203 3311 quod
1222 3228 1341 3294 Schen-

219 3342 305 3406 klius
328 3342 449 3425 requiri
472 3341 617 3424 affirmat,
638 3345 694 3404 τῶν
717 3337 796 3420 ζῴων
818 3338 913 3404 ἕνεκα.

266 3457 294 3518 3.
324 3453 439 3538 Neque
461 3459 526 3519 tam
549 3453 687 3519 absurde
711 3455 794 3519 dicta
817 3473 896 3537 esse,
919 3474 1015 3538 quam
1041 3454 1210 3519 Schenlriio
1233 3455 1343 3520 viden·

220 3683 311 3761 αἰγῶν
340 3705 374 3746 τε
396 3680 449 3746 καὶ
472 3682 533 3746 οἰῶν
554 3680 606 3746 aui
628 3679 724 3745 ἳππων
746 3679 799 3746 καὶ
821 3680 889 3746 ὄνων
911 3679 963 3746 καὶ
987 3681 1063 3759 βοῶν
1086 3679 1137 3746 aa>
1160 3685 1219 3746 τῶν
1242 3679 1343 3744 ἄλλων

219 3793 297 3875 ζῴων
319 3799 453 3860 τοσαῦται
476 3795 581 3873 dyada
601 3794 746 3861 ἀπολαύει
766 3793 821 3859 dua
844 3793 980 3874 daipertus
1005 3798 1102 3877 (recta
1124 3798 1211 3859 enim
1234 3813 1340 3878 neque

220 3910 317 3973 nimis
349 3909 429 3973 dura
453 3908 645 3973 substantivi
667 3906 746 3988 ζῴων
769 3911 913 3993 repetitio
937 3911 1006 3991 est),
1027 3927 1133 3991 nequo
1154 3927 1173 3972 a
1194 3907 1221 3989 I,
1243 3908 1273 3990 4,
1299 3908 1341 3970 14

220 4021 387 4105 desumpta
410 4041 479 4086 osse
502 4020 644 4085 arbitror.
667 4022 780 4085 Totum
805 4022 911 4086 locum
935 4020 1049 4102 citabo,
1072 4025 1109 4084 ut
1131 4024 1279 4104 appareat
1301 4020 1341 4084 da

219 4133 314 4218 longe
336 4134 398 4197 alia
419 4152 455 4198 re
477 4133 522 4197 ibi
546 4153 724 4198 sermonem
748 4153 827 4217 asse,
847 4134 1009 4218 simulque
1029 4133 1092 4198 levi
1111 4138 1142 4198 et
1161 4121 1357 4197 necessaria

219 4246 440 4311 emendatione
460 4265 533 4310 eum
552 4247 586 4308 in
606 4248 767 4331 integrum
789 4249 964 4311 restituam.
984 4246 1015 4309 οὐ
1029 4243 1086 4325 γὰρ
1098 4241 1176 4308 πάνυ
1188 4267 1231 4309 σοι
1243 4243 1340 4309 uarat·
1377 4311 1380 4316 ,

218 4357 314 4432 dabra
345 4355 388 4422 dre
418 4356 499 4439 παρὰ
528 4356 569 4422 τὰ
596 4356 682 4422 ἄλλα
711 4357 774 4439 ζῷα
804 4356 897 4439 ὥσπερ
932 4355 987 4423 daci
1010 4355 1148 4436 uiuiparos
1171 4355 1340 4435 βιοτεύουσι.
