3352 5260
715 635 778 701 129

185 824 222 894 ὥς
245 824 334 896 αὐτὸς
356 821 397 897 ala
421 821 595 904 σοφώτατός
617 846 650 886 τε
672 819 725 886 καὶ
748 819 857 894 ἄλλους
876 820 1055 894 ἱκανώτατος
1066 827 1182 895 ποιῆσαι
1194 819 1303 902 σοφοὺς

185 935 256 1002 οὕτω
287 935 442 1002 διατιθέναι
472 935 538 1008 τοὺς
569 934 662 1014 ἑαυτῷ
686 932 826 1007 συνόντας
849 930 921 1007 ὥςτε
943 935 1086 1012 μηδαμοῦ
1109 935 1178 1014 παρ’
1202 935 1306 1006 αὐτοῖς

189 1049 255 1122 τοὺς
278 1049 388 1122 ἄλλους
410 1042 480 1113 εἶναι
503 1050 571 1129 πρὸς
594 1045 704 1122 ἑαυτόν,
728 1067 839 1132 eaque,
862 1053 899 1112 ut
914 1048 1002 1112 mihi
1025 1048 1155 1132 quidem
1177 1049 1312 1130 videtur,

188 1163 356 1228 manifesto
396 1162 645 1247 Xenophontem
688 1163 874 1246 scriptorem
914 1161 1063 1246 produnt
1100 1159 1190 1236 Quae
1224 1162 1310 1226 enim

187 1278 313 1362 egregie
334 1277 484 1360 exposuit
505 1274 644 1340 Cobetus
667 1273 716 1356 (N.
739 1273 773 1338 L.
799 1274 863 1338 678
876 1276 955 1359 sqq.)
977 1275 1015 1338 de
1035 1276 1144 1356 Anyto
1166 1273 1306 1340 Socratis

188 1395 381 1473 accusatore,
411 1408 449 1454 ea
476 1390 588 1454 nullus
619 1407 662 1454 ex
684 1389 886 1473 Antiquitate
909 1391 1045 1472 scriptor
1068 1390 1169 1473 magis
1192 1387 1307 1452 coufir-

189 1508 256 1567 mat
290 1506 321 1569 et
355 1522 430 1569 vera
463 1521 533 1568 esse
563 1503 760 1567 demonstrat
790 1522 887 1586 quam
918 1501 1100 1586 Xenophon
1132 1539 1174 1549 —
1198 1521 1313 1566 verum

190 1617 436 1700 Xenophontem
471 1617 551 1699 dico,
585 1636 650 1680 non
680 1620 887 1700 personatum
916 1615 1009 1679 illum
1040 1617 1097 1700 qui
1128 1613 1312 1692 Ἀπολογίαν

189 1727 360 1805 Σωκράτους
383 1731 510 1814 scripsit
532 1767 583 1793 -.
605 1727 689 1793 Nam
713 1747 796 1814 quae
820 1748 918 1793 cause
935 1728 1041 1812 fuerit,
1061 1749 1119 1793 cur
1138 1731 1173 1794 in
1185 1731 1306 1794 civium

192 1862 325 1907 suorum
346 1843 454 1907 odium
475 1843 747 1927 offensionemque
766 1841 911 1907 Socrates
922 1844 1134 1907 incucurrerit
1145 1845 1314 1928 perspioue

191 1956 372 2040 Xenophon
403 1955 495 2020 docet
517 1956 729 2039 pulcherrimo
752 1956 822 2019 loco
848 1955 1071 2040 Cyropaediae,
1095 1976 1192 2040 quem
1216 1958 1315 2021 miror

190 2069 353 2134 interdum
388 2069 506 2154 negligi
541 2068 580 2132 ab
614 2070 664 2151 iis,
701 2070 758 2153 qui
793 2068 832 2133 de
863 2067 1002 2134 Socratis
1032 2071 1100 2134 vita
1123 2068 1268 2135 scribunt
1282 2065 1313 2150 ¹).

190 2181 324 2267 Legitur
352 2180 387 2245 Ia
416 2181 474 2265 111,
505 2200 530 2245 c.
556 2181 584 2263 1,
607 2182 626 2263 ξ
651 2181 790 2245 38-40.
816 2180 896 2256 Quis
919 2183 1005 2246 enim
1029 2181 1176 2246 dubitare
1200 2187 1312 2267 potest,

192 2297 272 2379 quin
304 2295 364 2360 sub
394 2295 448 2359 illo
479 2297 621 2379 sapiente
642 2296 797 2360 Armenio
820 2294 967 2360 Socrates
989 2296 1107 2360 lateat?
1130 2297 1239 2380 Atque
1263 2296 1312 2359 illi

191 2427 251 2473 rex
284 2409 458 2473 Armenius
492 2428 527 2473 se
555 2409 710 2473 invidisse
740 2413 865 2473 narrat:
894 2405 964 2490 „irc
988 2431 1037 2486 μοι
1060 2407 1149 2473 ahian
1172 2409 1220 2474 τδν
1243 2408 1313 2486 ἐμὸν

193 2522 249 2586 υἱὸν
273 2528 362 2586 ποιεῖν
385 2522 474 2587 αὑτὸν
497 2524 614 2599 μᾶλλον
638 2520 799 2602 θαυμάζειν
822 2519 839 2595 ἢ
859 2521 943 2600 staff.
965 2522 1054 2600 Quae
1073 2529 1181 2588 autem
1193 2523 1313 2589 Memo-

192 2635 343 2700 rabilium
373 2637 451 2719 loeo,
474 2637 513 2701 de
545 2658 610 2721 quo
633 2657 721 2701 nunc
742 2639 878 2722 agimus,
901 2638 980 2701 mihi
1002 2643 1166 2722 tantopere
1190 2637 1315 2721 placere

194 2748 380 2834 significavi,
403 2768 478 2814 cum
498 2748 603 2814 verbis
622 2749 849 2834 eCyropaedia
860 2751 963 2814 citatis
976 2752 1095 2835 optime
1106 2751 1313 2833 conveniunt,

193 2864 441 2948 testimonioque
464 2882 533 2928 esse
555 2868 699 2948 possunt,
721 2863 970 2947 Xenophontem
992 2882 1057 2927 non
1080 2868 1146 2927 tam
1164 2864 1314 2947 ignarum

194 2975 295 3040 fuisse
330 2995 449 3058 eorum,
485 2996 567 3060 quae
600 2995 637 3041 eo
667 2975 798 3041 absente
829 2977 966 3041 Athenis
989 2981 1079 3060 gesta
1101 2979 1186 3057 sunt,
1210 2994 1309 3059 quam

195 3089 361 3154 nonnullis
386 3089 519 3154 videtur.

241 3201 355 3287 Neque
385 3221 430 3284 ea,
462 3221 544 3287 quae
575 3202 704 3265 56-61
736 3203 898 3287 leguntur,
916 3223 942 3266 a
965 3201 1178 3287 Xenophonte
1201 3202 1320 3287 scripta

197 3333 268 3380 esse
292 3334 487 3401 quemquam
509 3322 701 3400 negaturum
725 3334 794 3380 esse
817 3316 918 3381 credo.

242 3427 484 3493 Absurdissima
506 3447 582 3494 vero
605 3433 689 3510 runt,
713 3446 796 3513 quae
820 3428 887 3510 §um
911 3428 953 3491 62
973 3429 1116 3512 implent.
1137 3426 1218 3504 Quis
1229 3428 1315 3493 enim

198 3542 360 3608 Socratem
383 3544 557 3608 defendens
580 3563 646 3608 non
669 3544 814 3627 religioni
838 3543 935 3607 ducat
955 3543 994 3608 de
1013 3544 1052 3607 iis
1073 3541 1236 3607 maleficiis
1256 3542 1323 3605 his·

199 3675 278 3740 cere,
301 3675 384 3742 quae
407 3658 560 3721 hocloco
582 3656 836 3721 enumerantur?
859 3656 934 3741 Ipsa
956 3656 1011 3720 illa
1034 3657 1130 3740 longa
1149 3654 1319 3719 vocabulo-

198 3790 270 3835 rum
305 3773 402 3837 series
435 3769 599 3856 (κλέπτων,
630 3770 814 3843 λωποδυτῶν,
838 3769 1092 3848 βαλανπιοπομῶν,
1116 3770 1313 3849 τοιχωρυχῶν,

199 3883 486 3964 ανδραποδιζόμενοο,
506 3884 672 3972 ἱεροποιῶν)
699 3886 776 3949 satis
799 3884 966 3949 manifesto
989 3883 1125 3949 sciolum
1148 3883 1261 3968 prodit.

245 3995 359 4082 Neque
391 3997 518 4081 probari
550 4002 686 4083 possunt
717 4016 799 4082 quae
821 3998 840 4079 ξ
865 3998 907 4061 63
930 3997 1089 4082 leguntur.
1114 3995 1318 4079 Quamquam

204 4213 350 4224 m

235 4352 263 4419 l)
281 4349 340 4405 Nou
357 4355 469 4422 neglexit
484 4353 615 4406 Croisetus
630 4353 659 4406 in
676 4355 741 4406 libro
758 4351 790 4406 de
807 4354 977 4420 Xenophonte
993 4369 1018 4420 p.
1035 4348 1094 4406 217.

1208 4445 1226 4498 9
