3352 5260
748 597 809 658 151

218 782 324 845 autem
349 781 519 846 consilium
544 801 562 844 a
586 783 708 863 ceteris,
732 800 814 865 quae
836 782 897 844 hoc
919 781 999 845 libro
1020 783 1172 866 leguntur
1192 783 1341 848 diversis-

218 895 335 958 simum
358 897 425 975 est),
448 898 504 957 aut
522 892 725 958 referendum
745 899 793 958 est
812 894 909 976 adea,
926 913 1007 977 quae
1020 894 1163 960 Socrates
1176 895 1340 980 disputare

217 1005 331 1071 soleret
354 1007 392 1070 de
415 1003 492 1085 νόμῳ
515 1003 635 1078 πόλεως,
657 1026 796 1090 quorum
814 1012 937 1090 partem
958 1007 1039 1071 libro
1061 1009 1163 1090 primo
1188 1008 1337 1092 legimus.

261 1118 363 1203 Caput
385 1119 423 1182 V.
446 1118 616 1184 Schenhlio
639 1122 795 1184 assentior
818 1121 878 1184 hoo
902 1125 998 1203 caput
1018 1118 1226 1203 Xenophonti
1245 1121 1337 1186 abiu·

218 1233 351 1300 dicanti:
384 1251 465 1316 quae
496 1234 583 1297 enim
611 1250 647 1297 eo
672 1235 876 1298 continentur
899 1239 1063 1316 tamquam
1087 1233 1238 1300 lasciuiae
1260 1239 1338 1299 sunt

218 1365 327 1412 earum
356 1365 472 1424 rerum,
504 1366 586 1431 quae
617 1347 702 1430 ahbi,
726 1367 785 1412 suo
809 1367 957 1432 quaeque
980 1348 1059 1430 loce,
1083 1348 1184 1412 multo
1208 1367 1340 1413 accura-

206 1458 282 1526 'tius
309 1461 549 1545 elegantiusque
572 1467 649 1527 sunt
672 1463 835 1545 expositae
859 1466 891 1526 et
917 1463 1162 1528 demonstratae.

261 1573 366 1637 Etiam
402 1594 485 1658 quae
521 1576 622 1659 capite
655 1574 703 1638 VI
737 1574 889 1658 leguntur
919 1574 1169 1658 fragmentorum
1204 1575 1342 1659 speciem

216 1705 291 1773 prae
319 1707 353 1752 se
375 1688 491 1770 ferunt,
513 1689 684 1771 inepteque
708 1706 745 1752 ca
768 1689 852 1752 inter
876 1707 911 1752 so
932 1689 1114 1772 iunguntur
1135 1687 1199 1752 illis
1226 1687 1344 1769 verbio,

217 1821 298 1886 quae
328 1807 492 1884 tamquam
523 1819 633 1866 eorum
665 1806 889 1884 argumentum
921 1800 1134 1884 praecedunt:
1168 1800 1205 1872 ὥς
1236 1798 1268 1866 δὲ
1290 1799 1341 1863 κοιλ

216 1911 481 1994 διαλεκτικωτέρους
503 1912 589 1980 incisi
611 1911 678 1986 τοὺς
698 1912 846 1986 συνόντος,
868 1912 1043 1994 τειροὶοομοιι
1064 1911 1116 1977 xci
1136 1916 1221 1978 τοῦτο
1233 1911 1340 1991 λέγειν.

215 2028 297 2092 Nam
328 2027 433 2094 hercle
456 2047 521 2096 nou
544 2047 581 2092 eo
605 2027 767 2092 Socratem
792 2029 926 2112 eiusque
951 2028 1153 2112 disciplinam
1178 2046 1339 2094 commen-

215 2142 289 2206 dare
308 2146 339 2206 et
359 2142 488 2206 laudare
505 2141 633 2207 volebat
652 2141 844 2226 Xenophon,
858 2142 943 2226 quod
964 2138 1231 2220 διαλεκτικωτέρους
1252 2139 1341 2204 ἕτοίει

213 2254 280 2326 τοὺς
300 2251 439 2326 συνόντος
464 2256 508 2334 (id
531 2257 617 2320 enim
640 2275 714 2321 eum
735 2257 842 2339 potius
862 2257 896 2318 in
917 2255 1125 2338 suspitionem
1149 2254 1338 2337 sophisticae

214 2367 394 2436 calliditatis
417 2370 580 2452 vocasset),
604 2369 660 2434 sed
681 2369 768 2453 quod
792 2369 862 2434 eius
886 2369 1049 2432 dialectice
1070 2386 1107 2431 eo
1127 2367 1279 2450 tenderet,
1303 2373 1339 2431 ut

211 2485 247 2547 in
282 2483 513 2568 discipulorum
547 2482 710 2548 mentibus
742 2483 922 2566 animisque
951 2487 1015 2546 tam
1048 2483 1201 2566 egregiae,
1234 2487 1266 2548 et
1298 2481 1338 2547 ad

210 2597 294 2662 vitae
312 2616 410 2661 usum
428 2597 719 2680 praestantissimae
740 2597 915 2660 sententiae
926 2597 1101 2660 haererent.
1116 2595 1334 2660 Persuadebat

211 2711 295 2775 enim
318 2711 359 2774 iis
381 2711 513 2774 haecce:

387 2843 416 2887 ιι.
441 2821 566 2900 εὐσεβής
589 2828 638 2887 est
659 2824 697 2900 is,
721 2825 777 2907 qui
801 2821 840 2886 τοδ
863 2824 927 2902 περὶ
953 2820 1029 2894 θεοὺς
1052 2822 1165 2900 νόμιμοι
1189 2814 1275 2889 οἶδεν.

388 2936 413 3000 b.
440 2937 546 3000 iustus
569 2941 617 3000 est
640 2937 677 3018 ie,
700 2937 757 3020 qui
780 2934 821 2999 τοδ
846 2933 910 3003 usal
931 2934 1093 3014 ἀνθρώπους
1114 2931 1228 3012 νόμιμοι
1249 2926 1337 3000 οἶδεν.

387 3069 411 3112 ο.
441 3068 535 3114 nemo
567 3051 613 3114 sic
644 3051 730 3114 nude
756 3055 788 3114 et
810 3049 997 3132 simpliciter
1021 3045 1113 3127 σοφός
1136 3048 1199 3112 dici
1223 3052 1336 3134 potest,

344 3163 400 3226 sed
423 3182 521 3246 quam
545 3164 683 3247 quisque
706 3163 796 3226 novit
819 3167 927 3244 artem,
950 3163 985 3224 in
1007 3180 1044 3225 ea
1067 3157 1158 3240 σοφός
1182 3166 1238 3228 est

388 3276 549 3340 desdam
581 3281 629 3341 est
659 3276 891 3340 adiectivorum
920 3271 1031 3351 dyada
1065 3279 1096 3338 et
1119 3270 1211 3348 κοιλός
1232 3274 1336 3340 ratio:

344 3389 425 3452 nihil
455 3389 540 3453 enim
572 3385 683 3465 arata
713 3393 744 3453 et
775 3384 865 3452 κοιλδν
893 3388 1036 3470 estnisi
1061 3387 1156 3451 adid
1181 3387 1338 3454 referatur

343 3501 411 3582 πρὸς
434 3498 506 3566 dciv
530 3497 546 3581 ᾖ
571 3498 791 3581 χρήσιμονκαὶ
815 3498 974 3581 ὠφέλιμον.

385 3636 411 3680 e.
441 3614 531 3680 fortis
554 3621 603 3680 cst
624 3616 664 3698 is,
685 3617 743 3700 qui
766 3620 828 3686 τοῖς
852 3614 950 3686 δεινοῖς
974 3618 1072 3682 κοιλῶς
1096 3615 1222 3696 χρῆοδοιι
1246 3605 1335 3680 οἶδεν.

254 3731 414 3795 Adjicitur
436 3735 544 3795 autem
564 3731 653 3794 hisce
676 3729 768 3794 locus
793 3730 870 3794 satis
891 3730 1021 3794 ieiunus
1041 3727 1105 3810 rapi
1125 3724 1334 3806 decrustaret

208 3844 382 3921 mucoribus,
414 3847 470 3930 qui
503 3865 575 3910 cum
607 3844 871 3929 praecedentibus
902 3843 992 3908 nulla
1021 3847 1144 3909 ratione
1167 3843 1334 3906 cohaeret:

210 3962 312 4026 multo
328 3985 331 3992 ’
346 3964 452 4024 tamen
488 3958 655 4024 absurdior
688 3979 815 4044 pannus
850 3959 911 4022 iste
942 3962 998 4041 est,
1029 3959 1086 4042 qui
1116 3958 1167 4040 ἓξ
1201 3955 1330 4020 13-15

211 4077 360 4142 assuitur.

255 4187 363 4265 Quum
385 4206 460 4254 vero
484 4187 636 4271 pleraque
659 4206 778 4267 eorum,
798 4204 880 4268 quae
898 4185 1000 4268 capite
1019 4184 1067 4248 VI
1088 4186 1249 4268 leguntur,
1271 4182 1336 4247 ianr

215 4302 292 4366 alibi
321 4302 394 4368 fuse
425 4302 614 4385 copioseque
644 4303 777 4364 tractata
807 4318 859 4363 me
890 4298 1005 4382 legisse
1029 4304 1152 4382 reputo,
1174 4316 1241 4362 non
1262 4315 1336 4380 pos·
