3348 5262
744 622 809 684 265

212 808 318 889 ipsum
356 803 442 886 Otyn
477 803 608 868 domum
642 805 755 888 abisse,
791 807 987 871 disceremus
1017 807 1078 870 hoc
1111 826 1153 871 ex
1188 808 1227 871 iis
1260 827 1343 891 quae

213 924 395 1002 sequuntur
429 920 460 1000 (ξ
487 920 559 1002 15);
595 919 627 983 εἰι
659 917 760 983 τούτου
791 915 890 993 δεξιόις
920 919 1018 991 δόντες
1050 917 1101 982 καί
1123 918 1268 997 λαβόντες
1293 917 1342 982 ἐπὶ

214 1029 324 1102 τούτοις
357 1029 538 1108 οόπόπεμπον
573 1031 740 1116 (Spartani)
773 1033 821 1096 τὸν
852 1028 959 1096 ”Οτυν.
994 1031 1079 1109 Quid
1110 1052 1186 1097 vero
1210 1035 1342 1097 noster?

214 1142 307 1216 Κότυς
337 1145 350 1207 ό
382 1143 594 1225 Παφλαγόνων
626 1145 789 1222 βασιλεὺς.
804 1194 811 1208 .
826 1194 855 1209 ..
881 1146 921 1218 είς
945 1146 977 1209 τό
1001 1144 1196 1227 στρατόπεδόν
1219 1169 1252 1209 τε
1275 1140 1344 1219 ἦλόε

213 1257 265 1322 καί
292 1258 478 1339 συμμαχίαν
502 1255 697 1337 ποιησόμενος
720 1255 811 1324 είλετο
836 1259 902 1323 σὺν
926 1257 1101 1339 'hyaenae
1124 1256 1340 1339 οπρατειίεοόαι,

211 1371 326 1451 χιλίους
349 1371 403 1447 μὲν
427 1369 537 1443 ἱππέας
560 1370 721 1450 δισχιλίους
745 1372 777 1435 δὲ
799 1372 996 1452 πελτοφόρους
1023 1369 1110 1450 ἔχων.

259 1485 295 1547 Ε.
321 1483 478 1550 Consulto.
491 1506 543 1548 res
564 1505 602 1549 οοο
623 1485 795 1550 Helleuieis
818 1486 967 1569 cognitos,
989 1506 1050 1566 quo
1072 1485 1174 1549 morbo
1196 1484 1238 1548 sit
1261 1484 1341 1567 Ape-

214 1598 289 1662 so'loi
307 1598 417 1682 glorio,
441 1598 609 1663 νιαννοιιιόο
631 1604 742 1663 metet.

259 1713 316 1794 IV,
352 1714 371 1774 6
409 1718 518 1776 narrat
552 1713 765 1777 Tithraustem
801 1714 938 1797 pecunia
973 1714 1161 1797 Agesilaum
1198 1732 1342 1776 eorrum-

215 1845 289 1909 pere
323 1832 472 1890 conatum
509 1846 588 1908 esse,
624 1832 660 1891 ut
694 1846 736 1891 ex
770 1828 849 1891 Asia
882 1827 992 1909 abiret,
1026 1827 1119 1890 illum
1153 1831 1269 1908 autem,
1305 1831 1341 1889 ut

214 1958 322 2022 regem
356 1957 398 2003 ex
428 1958 539 2003 severa
569 1938 711 2023 Lycurgi
741 1940 910 2024 disciplina
931 1940 1109 2024 profectum
1134 1940 1267 2021 deceret,
1290 1959 1340 2002 re·

216 2052 399 2135 spondisse:
424 2045 474 2124 „d
497 2051 676 2131 Τίόραυοτα,
701 2051 851 2132 νομίζεται
873 2053 943 2132 παρ’
969 2054 1041 2129 ἡμῖν
1063 2053 1103 2132 τῷ
1124 2049 1244 2132 οίρχοντι
1264 2051 1339 2116 κοίλ·

215 2177 273 2227 λιον
296 2157 441 2236 εἶναιτὴν
465 2163 604 2244 στρατιὰν
627 2162 644 2238 ἢ
669 2165 771 2229 ἑαυτὸν
795 2163 969 2244 πλουτίζειν,
993 2163 1044 2229 καὶ
1067 2164 1149 2246 παρόν
1173 2168 1229 2228 τῶν
1251 2179 1340 2228 πολε-

214 2276 286 2354 μίων
310 2274 434 2357 λοίφυρα
457 2281 575 2355 μᾶλλον
597 2279 749 2358 πειροῖτόαι
771 2277 787 2351 ἢ
812 2278 888 2358 δῶρα
910 2276 1109 2356 λαμβάνων”.
1135 2278 1209 2346 Non
1234 2279 1338 2342 solum

213 2390 291 2454 haec
326 2410 363 2455 eo
398 2411 471 2455 eum
505 2391 731 2476 Xenophontis
765 2394 947 2456 narratione
979 2397 1133 2476 pugnant,
1169 2393 1255 2475 quod
1286 2392 1340 2456 ille

214 2503 306 2586 (Hell.
341 2504 400 2587 HI,
435 2507 464 2588 4,
496 2507 537 2568 25
562 2507 619 2589 sq.)
652 2511 760 2569 narrat
791 2506 1006 2570 Tithraustem
1038 2525 1103 2569 non
1135 2524 1340 2589 corrumpere

214 2623 364 2682 conatum
395 2638 465 2682 esse
495 2619 693 2703 Agesilaum,
724 2620 780 2684 sed
808 2621 837 2684 ei
859 2619 957 2704 Regis
981 2619 1087 2683 verbis
1113 2618 1340 2698 imperassent

214 2751 256 2795 ex
282 2732 363 2795 Asia
385 2731 501 2812 abiret3
529 2732 617 2816 quod
641 2752 742 2816 quum
765 2733 937 2816 Agesilaus
962 2752 996 2796 se
1019 2735 1147 2796 iniussu
1171 2731 1340 2815 Spartano·

213 2865 286 2908 rum
321 2844 424 2909 faeere
458 2865 524 2908 non
558 2865 653 2930 posse
688 2846 830 2928 dixisset,
865 2845 904 2908 ab
939 2864 976 2909 eo
997 2845 1133 2925 petiisse,
1157 2850 1194 2909 ut
1217 2845 1340 2928 saltem,

214 2959 315 3022 donec
351 2957 462 3043 Sparta
496 2960 645 3023 mandata
681 2961 855 3043 venissent,
888 2962 923 3022 in
957 2958 1156 3023 Pharnabazi
1188 2959 1339 3022 transiret

213 3075 386 3155 regionem.
415 3071 477 3136 Sed
501 3071 624 3136 accedit
647 3068 778 3156 aliquid,
803 3073 889 3156 quod
913 3072 1082 3135 ridiculam
1105 3071 1217 3134 reddat
1237 3073 1340 3135 nostri

213 3184 374 3248 fictionem
399 3185 437 3248 de
460 3184 561 3247 nobili
584 3189 615 3247 et
633 3184 731 3248 feroci
751 3186 894 3269 Agesilai
914 3204 1075 3269 responsu.
1088 3183 1216 3248 Etenim
1229 3184 1340 3248 Xeno·

213 3298 299 3380 phon
332 3302 448 3379 narrat,
482 3318 545 3361 non
581 3297 795 3363 Tithraustem
828 3299 956 3380 frastra
986 3300 1155 3382 pecuniam
1186 3298 1339 3382 Agesilao

212 3410 365 3493 obtulisse,
385 3411 441 3475 sed
459 3411 648 3495 Agesilaum
669 3413 872 3496 respondisse
890 3413 1072 3495 Tithrausti,
1092 3432 1127 3476 se
1147 3413 1233 3496 qnod
1252 3417 1339 3497 pete·

213 3529 262 3586 ret
291 3522 394 3587 faeere
425 3530 572 3607 paratum
604 3543 682 3607 esse,
713 3527 741 3588 si
764 3525 826 3589 sibi
848 3527 1016 3609 pecuniam
1043 3526 1140 3607 daret,
1163 3544 1265 3608 eaque
1289 3545 1340 3588 ae-

214 3641 303 3720 cepta
326 3655 399 3700 eum
425 3639 531 3721 copias
554 3639 587 3701 in
612 3638 811 3702 Pharnabazi
834 3640 969 3704 duxisse
992 3641 1164 3723 regionem.

258 3750 331 3832 VII,
363 3751 391 3812 6.
429 3798 444 3831 „
456 3749 646 3815 Corinthum
681 3771 783 3834 quum
820 3771 931 3836 capere
964 3756 1080 3835 posset,
1116 3770 1154 3816 ea
1188 3751 1339 3816 facultate

214 3865 261 3926 uti
283 3863 388 3926 noluit
411 3863 520 3927 dicens
544 3883 607 3926 non
633 3865 668 3927 in
692 3866 878 3928 servitutem
903 3864 1091 3947 redigendas
1112 3882 1181 3928 esse
1203 3863 1339 3928 Graecas

214 3977 310 4042 urbes
342 3977 397 4041 sed
428 3978 467 4040 ad
499 3997 609 4040 sanam
642 3983 779 4042 mentem
807 3978 1023 4042 reducendas:
1048 3976 1071 4040 εἰ
1094 3976 1126 4040 δὲ
1150 3975 1217 4048 τοὺς
1240 3974 1339 4053 όιμαο-

212 4089 365 4162 τοίνοντας,
390 4087 459 4169 ἔφη,
484 4090 565 4164 ἡμῶν
588 4091 684 4153 αὐτῶν
707 4091 906 4169 ἀφανιοῦμεν,
931 4090 995 4169 όροῖν
1014 4089 1073 4170 χρὴ
1094 4089 1137 4166 μὴ
1158 4090 1216 4154 οὐδ’
1236 4086 1340 4167 ἕξομεν

213 4205 278 4282 μεθ’
302 4201 367 4267 ότου
389 4207 445 4266 τῶν
468 4201 625 4284 βαρβαρων
645 4202 859 4282 κρατόοομεν”.
881 4203 1056 4284 Praeclara,
1077 4203 1191 4286 hercle,
1211 4222 1248 4266 ea
1268 4222 1339 4267 sen-

214 4321 314 4382 tentia
337 4322 402 4398 est3
428 4337 492 4400 quo
515 4316 617 4399 magis
642 4315 825 4398 dolendum,
849 4335 918 4379 eam
938 4335 1107 4398 nunquam
1128 4315 1167 4379 ab
1187 4316 1338 4400 Agesilao
