3352 5260
738 619 802 690 109

212 813 369 897 quaedam
390 816 497 878 essent
520 812 693 878 admodum
714 810 937 896 improbanda.
960 811 1044 876 Nam
1065 813 1100 877 in
1129 813 1188 878 hac
1212 833 1342 898 quoque

213 926 470 993 Memorabilium
504 933 595 1011 parte
628 928 706 991 satis
736 926 838 990 multa
870 926 1072 1010 leguntur,e
1106 926 1225 1011 quibus
1248 946 1343 992 nemo

214 1043 335 1107 discere
358 1043 466 1126 possit,
491 1062 587 1127 quam
613 1043 701 1108 utilis
723 1041 869 1107 Socrates
893 1043 1004 1107 amicis
1024 1043 1093 1106 suis
1116 1043 1221 1108 fuerit.
1235 1043 1345 1108 Pauca

216 1155 429 1220 enumerabo:

261 1269 295 1334 L.
318 1270 352 1334 H
375 1289 400 1334 o.
423 1269 441 1333 Ι
464 1271 483 1352 §
508 1271 548 1333 21
574 1290 604 1334 u.
628 1291 654 1334 a.
677 1269 731 1335 fin.
755 1270 883 1334 Prodici
907 1271 947 1334 de
969 1269 1111 1336 Hercule
1133 1270 1249 1336 fabula.

260 1382 328 1448 Lib.
351 1383 402 1448 ΠΙ
426 1404 450 1449 o.
476 1385 504 1448 8.
528 1383 678 1448 Namatio
702 1385 742 1449 de
764 1384 928 1468 Aristippo
953 1406 971 1449 a
993 1383 1122 1450 Socrate
1144 1385 1290 1450 refutato.

261 1495 295 1560 L.
325 1496 376 1560 HI
405 1516 430 1561 e.
456 1497 475 1560 9
499 1498 681 1581 exponitur,
705 1497 865 1581 quomodo
888 1496 1033 1562 Socrates
1057 1498 1096 1562 de
1119 1499 1257 1583 singulis
1281 1501 1345 1562 vir-

218 1608 342 1675 tutibus
366 1611 586 1693 disputaverit.

261 1725 429 1790 Eiusmodi
452 1732 560 1790 autem
584 1725 673 1809 locis,
696 1727 724 1790 si
743 1726 825 1790 illud
843 1725 1069 1810 Xenophontis
1090 1746 1166 1790 curn
1177 1727 1348 1810 Polycrate

216 1839 331 1904 fuisset
353 1845 513 1904 certamen
539 1839 626 1923 quod
653 1858 710 1923 ogo
734 1839 887 1921 dicebam,
909 1839 1073 1924 paulisper
1097 1859 1171 1904 eum
1192 1843 1347 1924 propositi

218 1954 270 2017 sui
292 1952 426 2017 oblitum
452 1974 471 2017 a
495 1955 546 2016 via
570 1952 734 2018 aberrasse
758 1954 886 2017 credere
906 1972 1082 2037 possemus,
1095 1973 1201 2038 neque
1212 1955 1346 2020 moleste

217 2067 374 2131 ferremus
392 2068 487 2130 istam
508 2068 673 2152 scriptoris
693 2067 789 2152 paulo
802 2067 1043 2152 negligentioris
1056 2069 1222 2133 incuriam.
1237 2066 1345 2144 Quum

218 2199 299 2244 vero·
319 2186 454 2264 quartus
478 2181 607 2245 accedat
629 2180 719 2264 libor,
742 2181 832 2246 nulla
850 2182 1039 2247 declamatio
1056 2182 1136 2267 fingi
1148 2183 1345 2267 cogitarique

217 2298 330 2378 potest,
361 2315 458 2378 quam
488 2294 750 2360 Memorabilibus
779 2296 972 2380 redarguere
995 2297 1138 2361 voluisse
1163 2295 1347 2382 Xenophon

218 2408 305 2472 credi
338 2410 446 2492 possit.
480 2408 609 2492 Inspice
644 2409 724 2472 mihi
760 2427 878 2493 quaeso
913 2410 973 2473 hoo
1004 2409 1078 2474 libri
1110 2412 1342 2475 summarium:

218 2521 350 2606 negabis
373 2521 443 2586 fieri
465 2523 618 2606 potuisse,
643 2526 679 2585 ut
702 2521 754 2585 vel
776 2523 997 2606 ineptissimus
1022 2523 1164 2607 sophista
1188 2524 1347 2588 eiusmodi

218 2654 362 2719 pannum
385 2635 609 2706 declamationi
632 2653 709 2699 suae
734 2641 894 2700 assueret:

262 2750 339 2814 Toto
362 2750 429 2814 foro
452 2749 533 2813 libro
557 2755 670 2834 quarto
695 2769 769 2814 curn
792 2749 997 2831 Euthydemo
1018 2753 1235 2815 sermocinans
1247 2751 1342 2814 indu-

218 2864 303 2927 citur
333 2863 486 2928 Socrates.
518 2862 587 2926 Iam
617 2882 654 2927 eo
683 2865 813 2927 nomine
837 2864 1070 2947 vituperandus
1094 2873 1178 2928 esset
1201 2865 1346 2948 scriptor,

220 2979 276 3061 qui
301 2977 518 3042 demonstrare
543 2975 646 3055 vellet,
671 2981 867 3060 quantopere
890 2975 1037 3040 Socrates
1059 2976 1346 3060 profuissetomni·

219 3089 290 3172 bus,
315 3092 371 3174 qui
396 3091 465 3154 eius
488 3089 702 3154 familiaritate
727 3094 903 3172 uterentur,
927 3090 1015 3173 quod
1037 3109 1095 3173 per
1118 3094 1183 3153 tam
1196 3095 1345 3174 magnam

220 3203 414 3268 defensionis
441 3222 520 3267 suae
542 3209 663 3287 partem
689 3204 759 3267 eius
783 3223 859 3266 oum
883 3221 948 3266 nno
974 3207 1100 3267 tantum
1124 3204 1226 3268 amico
1250 3203 1347 3267 collo-

220 3319 296 3401 quia
325 3317 472 3380 traderet.
505 3315 614 3401 Capite
644 3317 748 3401 primo
773 3316 862 3381 brevi
886 3320 1060 3400 conspeetu
1083 3316 1183 3381 lector
1206 3317 1348 3400 docetur,

220 3433 381 3517 quomodo
405 3431 551 3496 Socrates
575 3450 632 3514 pro
656 3432 816 3514 cuiusque
838 3430 947 3495 indole
971 3432 1106 3495 invenes
1127 3432 1298 3496 admonere
1316 3436 1348 3496 et

220 3548 378 3632 corrigere
401 3547 526 3611 soleret.
549 3545 589 3610 In
614 3545 853 3623 declamatione,
877 3547 972 3610 cuius
992 3546 1052 3610 hoo
1072 3545 1347 3628 essotconsilium,

218 3667 256 3728 ut
287 3662 431 3727 Socrates
462 3666 573 3726 contra
596 3666 718 3725 certum
742 3660 903 3744 quendam
928 3659 1176 3724 obtrectatorem
1199 3657 1347 3722 defende-

219 3783 317 3859 retur,
347 3779 450 3862 primo
479 3776 550 3839 loco
580 3775 641 3838 hoo
666 3778 761 3858 caput
784 3775 926 3858 positum
952 3777 1048 3857 esset,
1072 3776 1348 3856 sequerenturque

219 3891 367 3975 exempla
390 3889 569 3955 Socraticae
591 3888 815 3952 institutionis.

266 4003 369 4089 Caput
403 4002 581 4068 seeundum
615 4001 744 4066 excellit
778 4001 908 4085 quidem
940 4001 1024 4064 inter
1056 3998 1171 4080 omnia,
1195 4016 1277 4081 quae
1309 3996 1348 4062 de

222 4117 350 4182 Socrate
384 4117 510 4200 scripsit
540 4114 731 4198 Xenophon,
762 4115 819 4178 sed
846 4114 946 4178 multo
970 4113 1076 4196 magis
1099 4111 1245 4194 declarat,
1268 4129 1348 4194 qaae

222 4229 359 4296 &eratis
379 4230 416 4294 ira
438 4228 630 4309 dispartiendo
652 4227 749 4309 suerit
764 4228 892 4310 peritia,
916 4247 1014 4310 quam
1037 4244 1102 4310 quo
1122 4225 1216 4289 modo
1236 4225 1348 4310 amicis

221 4347 289 4410 suis
322 4345 363 4410 ad
398 4347 548 4408 virtutem
584 4341 739 4408 ducendis
775 4343 886 4407 utilem
916 4341 1046 4405 navarit
1077 4357 1213 4426 operam.
1239 4337 1348 4422 Capite
