3348 5262
878 547 944 610 254

391 732 508 799 Nescio
532 752 573 798 en
597 752 638 797 ex
661 733 772 797 eodem
791 733 947 798 rhetorice
965 733 1145 798 exornandi
1166 734 1272 798 studio
1293 739 1387 800 natae
1407 736 1477 798 sint

348 847 524 910 sententiae
547 844 701 910 verbosae
724 845 854 929 quidem
879 846 935 909 sed
958 865 1058 910 sensu
1077 863 1197 928 cassae,
1218 847 1323 930 qualis
1343 851 1375 912 et
1395 847 1476 910 heeo

351 965 414 1024 est:
439 959 496 1036 ἐγὼ
521 957 576 1034 μὲν
598 951 645 1022 οὖν
670 956 709 1021 τοὶ
731 961 856 1021 τοιαῦτα
875 957 982 1020 ἐπαινῶ
1002 955 1196 1034 Ἀγησιλάου.
1218 961 1320 1022 ταῦτα
1338 955 1395 1038 χεὶρ
1416 958 1478 1036 οὐχ

352 1069 445 1151 ὥσπερ
468 1071 492 1134 εἱ
515 1069 642 1151 θησαύριρ
662 1093 707 1142 τις
726 1067 853 1150 ἐντύχοι,
873 1069 1079 1150 τλουσιώτερος
1097 1069 1152 1148 μὲν
1172 1067 1208 1133 ἂν
1229 1068 1281 1143 εἴη,
1294 1069 1477 1148 οἰκονομικώ-

352 1206 429 1264 τερος
452 1183 484 1247 lh
506 1181 584 1248 οὐδὲν
607 1179 653 1256 ἴον,
673 1180 726 1245 καὶ
746 1182 769 1245 εἰ
789 1179 869 1246 νόσου
889 1181 920 1246 δὲ
941 1180 1091 1260 πολεμίοις
1101 1180 1287 1259 ἐμπεσούσης
1299 1181 1479 1262 κρατήσειεν,

351 1295 557 1376 εὐτυχέστερος
581 1295 636 1373 μὲν
658 1293 695 1359 ἂν
718 1292 770 1369 εἵη,
794 1295 1058 1376 στρατηγικώτερος
1081 1295 1113 1359 δὲ
1137 1294 1217 1360 οὐδὲν
1241 1295 1286 1359 ἄν.

399 1410 461 1476 Sed
482 1410 543 1474 hoo
565 1410 780 1474 certissimum
804 1414 853 1474 est
875 1410 1038 1474 neminem
1060 1408 1276 1494 Xenophonte
1295 1410 1481 1476 alieniorem

353 1522 454 1588 fuisse
475 1522 514 1586 eb
539 1541 576 1586 ee
598 1520 772 1586 verborum
795 1521 948 1605 ubertate,
972 1542 1036 1605 qun
1057 1522 1220 1587 interdurn
1244 1527 1355 1587 noster
1377 1523 1484 1587 multa

355 1636 489 1701 dicendo
512 1635 590 1699 nihil
615 1635 699 1699 dicit.
722 1633 812 1700 Dabo
836 1635 901 1699 duo
924 1635 1087 1720 exemplu:

400 1748 443 1832 II,
479 1749 536 1813 12:
572 1748 612 1812 In
645 1749 765 1833 proelio
795 1749 881 1833 apud
912 1747 1104 1814 Coroneam:
1137 1747 1249 1830 κραυγὴ
1280 1747 1336 1828 μὲν
1359 1747 1486 1825 οὐδεμία

357 1869 461 1943 ταρῆν,
492 1863 523 1926 οὐ
556 1860 615 1940 μην
646 1862 711 1926 οὐδὲ
738 1861 818 1939 repsi,
842 1861 926 1944 Φανη
950 1861 982 1927 δέ
1005 1887 1049 1936 τις
1072 1857 1106 1948 ἦν
1127 1861 1248 1936 τοιαύτη
1273 1859 1333 1928 οἵαν
1356 1862 1425 1943 ὀρχη
1449 1886 1488 1926 τε

355 1974 411 2041 καὶ
436 1973 526 2055 μαχη
552 1974 733 2056 παράσχοιτ’
757 1973 803 2040 ἄν.

402 2089 444 2172 ΙΙ,
470 2091 526 2154 14;
551 2094 646 2169 ταρην
669 2087 705 2161 δη
729 2087 886 2154 θερίσασθαι
905 2086 973 2154 ἔνθα
992 2087 1146 2154 συνέτεσον
1165 2089 1218 2163 την
1238 2089 1293 2168 μὲν
1305 2097 1362 2168 γῆν
1375 2087 1488 2166 αἵματι

358 2201 556 2284 πεφυρμένην,
597 2201 708 2283 νεκροὺς
741 2202 772 2266 δὲ
807 2201 953 2279 κειμένους
986 2203 1102 2285 φιλίους
1135 2202 1187 2268 καὶ
1222 2203 1379 2282 πολεμίους
1416 2205 1488 2282 μετ’

359 2315 509 2388 αλλήλων,
547 2315 683 2388 οὶστίδας
717 2315 748 2378 δὲ
782 2314 1043 2396 διατεθρυμμένας,
1078 2317 1187 2398 δόρατα
1220 2315 1491 2397 συντεθραυσμένα,

360 2428 521 2510 ἐγχειρίδια
551 2426 654 2506 γυμνοὶ
682 2432 797 2503 κονεῶν,
828 2428 869 2493 τοὶ
900 2430 954 2506 μὲν
984 2429 1100 2510 χαμαί,
1125 2430 1164 2495 τοὶ
1187 2430 1219 2494 δὲ
1241 2431 1270 2494 ἒν
1294 2430 1423 2508 σώμασι,
1448 2430 1494 2494 τοὶ

362 2543 393 2607 δὲ
415 2540 456 2608 ἔτι
479 2547 560 2621 μετα
581 2549 695 2623 χεῖρας.
719 2543 831 2608 inanis
854 2544 906 2608 hio
930 2548 979 2608 est
1002 2544 1172 2610 verborum
1195 2546 1328 2609 sonitus.

830 2843 1020 2852 ψ...-

409 3108 482 3175 Non
507 3111 655 3194 equidem
678 3110 810 3195 negabo,
835 3112 993 3176 eiusmodi
1011 3111 1128 3176 indicia
1147 3131 1164 3176 e
1184 3131 1330 3176 sermone
1343 3117 1374 3177 et
1386 3132 1494 3178 enun-

366 3224 498 3288 tiatione
536 3226 635 3308 petite
669 3243 734 3288 non
770 3224 886 3290 hebere
919 3230 1079 3289 certorum
1114 3231 1376 3309 argumentorum
1411 3228 1495 3311 vim,

369 3339 476 3422 qualia
507 3358 543 3402 ea
567 3344 652 3422 sunt,
674 3339 793 3423 quibus
817 3360 869 3404 ars
892 3341 1084 3424 geometrica
1107 3341 1217 3405 utitur.
1241 3340 1326 3404 Novi
1350 3343 1496 3406 enimet

368 3452 447 3516 alios
478 3454 565 3516 viros
597 3453 706 3516 doctos
730 3454 850 3516 multos
873 3458 904 3517 et
925 3453 1097 3537 plerosque
1119 3473 1238 3537 eorum,
1262 3455 1318 3538 qui
1342 3454 1383 3518 de
1407 3455 1496 3538 Age-

369 3568 447 3630 silao
470 3566 577 3630 libello
597 3566 789 3649 iudicarunt,
810 3587 875 3630 non
895 3573 959 3632 tum
979 3569 1049 3632 eius
1070 3587 1249 3634 sermonem
1270 3587 1381 3634 curare
1394 3589 1496 3652 quam

369 3681 432 3744 elie
461 3681 577 3756 omnia,
604 3685 635 3744 et
658 3680 705 3742 sie
728 3679 793 3744 fere
817 3680 906 3763 loqui
930 3680 1058 3745 solitos:
1086 3683 1252 3762 „oratioue
1275 3683 1405 3765 quidem
1429 3684 1497 3746 uti-

370 3798 424 3857 tur
452 3792 552 3857 libelli
573 3798 684 3857 auctor
707 3813 801 3877 saepe
826 3814 845 3857 a
866 3795 1018 3878 genuinis
1040 3794 1265 3878 Xenophontis
1290 3796 1415 3879 seriptis
1439 3797 1499 3860 ad-

372 3906 504 3970 modum
526 3911 663 3970 remota:
688 3906 744 3969 sed
764 3907 921 3970 eiusmodi
940 3927 976 3971 ea
996 3913 1072 3972 sunt
1090 3908 1218 3990 indioia,
1237 3913 1274 3972 ut
1294 3909 1332 3972 de
1352 3909 1393 3972 iis
1411 3909 1498 3974 alius

372 4019 465 4084 aliter
493 4018 635 4082 iudicare
664 4018 794 4102 possit'’.
818 4019 881 4084 Sed
903 4021 989 4084 idem
1013 4021 1105 4103 addo,
1130 4026 1165 4085 ut
1188 4021 1247 4085 tibi
1269 4023 1338 4106 ipse
1361 4041 1498 4106 persue-

374 4132 458 4204 deas.
481 4132 597 4197 librum
620 4133 759 4216 aliquem
783 4135 939 4217 scriptori,
962 4135 1015 4198 cui
1039 4134 1136 4218 vulgo
1161 4135 1323 4219 tribuitur,
1346 4156 1416 4210 esse
1441 4137 1500 4201 ab·

374 4245 592 4330 iudicandum,
621 4246 702 4308 nihil
732 4248 834 4330 magis
865 4247 971 4311 valere
1001 4268 1098 4331 quarn
1128 4249 1215 4332 ipsas
1243 4249 1314 4314 illus
1338 4253 1501 4318 sermonis
