3352 5260
919 551 982 614 132

390 736 639 818 commendasse,
661 735 717 801 sed
739 737 834 800 etiam
858 735 898 799 ad
922 736 1074 801 virtutem
1097 735 1237 819 duxhse,
1261 738 1337 818 sive,
1362 741 1397 801 ut
1420 755 1506 800 nunc

390 852 564 936 loquimur,
587 868 651 915 non
674 849 778 914 solum
804 848 1021 930 „theoretice”
1042 849 1204 914 sedetiam
1226 847 1511 933 ,practice”fami-

392 964 526 1030 liaribns
559 966 628 1029 suis
661 963 826 1048 profuisse.
857 961 1012 1047 Quisque,
1034 968 1071 1027 ut
1096 965 1217 1048 opinor,
1241 982 1328 1027 nunc
1350 968 1514 1047 exspectet

394 1079 608 1143 narrationem
642 1077 682 1142 de
711 1077 820 1161 aliquo
852 1078 978 1160 iuvene,
1008 1097 1105 1162 quem
1128 1077 1273 1142 Socrates
1296 1097 1315 1141 a
1337 1078 1414 1141 vino
1437 1077 1513 1141 ludo

392 1210 500 1257 amore
523 1192 671 1275 avocarit,
693 1189 786 1255 etad
808 1195 977 1257 strenuum
996 1190 1138 1257 laborem
1157 1192 1344 1274 victumque
1368 1190 1513 1254 sobrium

391 1305 494 1371 redire
517 1305 661 1390 coegerit
685 1302 770 1380 Quid
794 1309 902 1370 autem
926 1304 1095 1388 sequitur?
1119 1302 1319 1386 Colloquium,
1340 1323 1405 1387 quo
1418 1303 1508 1368 Aris·

392 1420 538 1485 todemus
561 1437 598 1482 eo
621 1418 815 1503 perducitur,
839 1423 876 1482 ut
894 1417 1001 1483 credat
1019 1417 1095 1482 deos
1114 1436 1194 1500 esse,
1214 1435 1333 1500 eosque
1345 1417 1514 1481 hominnm

393 1534 492 1597 vitam
522 1551 618 1598 curae
648 1531 772 1596 habere.
803 1531 886 1616 Ipse,
910 1536 947 1596 ut
971 1532 1092 1616 opinor,
1115 1531 1323 1615 interpolator
1346 1530 1516 1605 intellexit,

393 1665 427 1710 se
449 1665 514 1709 non
538 1644 689 1730 probasse
711 1645 745 1708 id
764 1645 851 1730 qnod
870 1646 1066 1729 promiserit:
1088 1650 1258 1729 postquam
1272 1645 1357 1708 enim
1371 1643 1515 1708 Socrates

394 1759 624 1824 demonstravit
654 1758 686 1822 τὸ
718 1757 789 1822 θεῖον
819 1754 889 1834 ἅμα
912 1756 1014 1821 actura
1035 1758 1100 1837 dpoiu
1122 1755 1174 1821 aul
1199 1754 1301 1820 adara
1323 1754 1438 1820 ἀκούειν
1462 1753 1513 1820 καὶ

393 1875 554 1951 πανταχοῦ
573 1877 708 1952 repricat
728 1869 779 1935 real
799 1868 869 1949 ἅμα
888 1869 1006 1935 πάντων
1018 1870 1230 1947 ἐπιμελεῖσθαι,
1244 1871 1408 1935 adduntur
1420 1869 1516 1934 verba

394 1986 560 2071 quaedam,
585 1985 704 2069 quibus
726 1987 785 2050 toti
808 1986 968 2069 colloquio
991 1986 1040 2049 vis
1063 1984 1220 2049 afferatur.
1242 1982 1326 2048 Nam
1347 1983 1460 2068 quaed
1476 1984 1515 2045 19

392 2100 546 2184 leguntur
579 2118 673 2164 nemo
707 2099 841 2184 probare
871 2104 975 2183 potest
1009 2100 1072 2163 nisi
1095 2100 1132 2181 is,
1155 2100 1212 2182 qui
1236 2096 1354 2162 oblitus
1379 2099 1430 2180 sit,
1454 2117 1516 2180 qua

393 2232 429 2277 re
462 2212 608 2277 Socrates
642 2212 722 2277 illud
757 2232 831 2276 cnm
866 2213 1070 2276 Aristodemo
1100 2212 1300 2296 colloquium
1331 2213 1515 2276 instituerit.

394 2325 597 2410 Quamquam
627 2328 712 2391 enirn
739 2326 963 2391 Aristodemus
986 2345 1091 2410 neque
1115 2345 1182 2390 rem
1206 2326 1349 2390 divinam
1371 2325 1514 2407 faciebat,

394 2458 500 2522 neque
532 2439 664 2504 deorum
692 2439 890 2504 voluntatem
914 2458 1105 2524 cognoscere
1128 2439 1276 2504 studebat
1300 2439 1330 2520 (ᾖ
1354 2441 1385 2518 2)
1410 2443 1516 2502 tamen

397 2553 455 2614 vix
488 2552 613 2616 credam
647 2552 738 2616 illum
774 2551 875 2616 luisse
905 2571 1016 2616 eorum
1039 2552 1215 2634 hominnm,
1239 2553 1297 2636 qni
1320 2551 1513 2616 admonendi

395 2670 502 2729 essent
542 2669 579 2729 ut
618 2665 647 2728 ἕν
681 2663 787 2746 ἐρημίᾳ
819 2662 979 2744 ἀπέχοιντο
1013 2667 1069 2728 τῶν
1101 2663 1219 2728 ἀνοσίων
1255 2687 1288 2727 σε
1323 2661 1375 2727 καὶ
1410 2662 1516 2728 ἀδίκων

393 2775 446 2842 aa}
469 2777 607 2858 αἰσχρῶν.

437 2891 552 2956 Totum
594 2896 700 2956 autem
736 2896 833 2976 caput
867 2897 1018 2976 quartum
1053 2910 1158 2976 neque
1193 2911 1267 2956 cum
1302 2892 1515 2976 sequentibus

395 3024 501 3089 neque
536 3025 609 3069 cum
643 3003 907 3089 praecedentibus
938 3005 1114 3087 cohaerere,
1146 3007 1203 3068 vix
1226 3024 1308 3089 opus
1331 3011 1379 3070 est
1403 3005 1517 3070 dicere.

395 3117 517 3195 Quodsi
552 3121 625 3204 quis
659 3125 750 3203 putet
780 3124 876 3204 caput
906 3120 1056 3204 quintum
1080 3139 1153 3183 cum
1177 3121 1279 3204 capite
1303 3123 1417 3202 quarto
1442 3138 1519 3183 con-

394 3232 595 3316 iungendam
628 3252 707 3314 esse,
738 3232 897 3316 amboque
927 3234 1031 3317 capita
1054 3233 1156 3297 eidem
1180 3235 1226 3296 rei
1250 3233 1518 3297 demonstrandae

397 3345 561 3428 inservire,
585 3348 692 3410 nescio
717 3366 757 3410 an
780 3347 824 3410 ita
846 3346 1045 3429 interpolatio
1069 3347 1233 3431 aliquanto
1253 3346 1408 3410 efficiatur
1426 3348 1518 3431 inep-

395 3461 464 3523 tior.
494 3456 578 3535 Quid
601 3461 686 3523 enim
710 3461 885 3544 excogitari
907 3466 1018 3545 potest,
1044 3461 1131 3544 quod
1151 3462 1254 3544 magis
1278 3462 1318 3525 sit
1341 3460 1518 3525 ridiculum

396 3592 490 3656 quam
515 3573 629 3637 haecce
653 3573 895 3638 demonstratio:
920 3573 1064 3638 Socrates
1084 3594 1148 3638 non
1169 3574 1274 3638 solum
1298 3574 1520 3656 „theoretice”

395 3685 451 3751 sed
475 3686 570 3750 etiam
599 3685 783 3770 „practice”
807 3686 972 3771 discipulis
995 3686 1122 3770 profuit,
1144 3706 1236 3750 nam:
1262 3685 1287 3750 Ι.
1310 3687 1518 3752 Aristodemo

393 3801 553 3883 persuasit
575 3799 650 3864 deos
673 3803 704 3864 et
726 3799 869 3863 divinam
890 3799 1124 3883 providentiam
1143 3818 1230 3880 esse;
1251 3799 1293 3864 ΙΙ.
1315 3802 1457 3864 oratione
1478 3801 1520 3864 ad

392 3910 547 3996 populum
570 3910 677 3976 habita
697 3909 867 3991 ἐγκράτειαν
890 3909 1032 3984 ἀσκητέον
1055 3905 1126 3975 eluar
1150 3913 1405 3977 demonstravit?

438 4025 568 4110 Siquis
593 4028 688 4090 etiam
711 4027 810 4092 credit
834 4026 1029 4110 colloquium
1053 4045 1127 4090 cum
1149 4027 1352 4091 Aristodemo
1377 4027 1417 4091 ab
1443 4029 1516 4112 ipso

392 4137 606 4224 Xenophonte
637 4158 673 4203 eo
703 4139 960 4204 Memorabilium
982 4140 1051 4203 loco
1074 4140 1213 4224 positum
1237 4159 1316 4223 esse,
1339 4161 1403 4225 quo
1426 4161 1517 4206 nunc

392 4253 518 4342 legitur,
541 4253 770 4318 animadvertat
792 4255 937 4339 ineptum
959 4273 1139 4319 sermonem
1163 4252 1200 4338 §i
1219 4257 1247 4342 1,
1272 4275 1337 4340 qna
1357 4275 1421 4340 quo
1438 4275 1517 4322 con·
