3352 5260
861 627 923 691 106

331 819 456 880 servata
478 825 542 879 non
566 818 622 896 est,
646 817 728 879 scire
749 815 850 898 cupis.
871 813 974 891 Quem
993 815 1118 880 exitum
1136 815 1293 879 iudicium
1307 814 1456 881 habuerit

329 946 520 1010 cognoscere
552 929 686 1010 conaris,
716 928 877 1012 dolusque,
900 931 928 992 si
960 929 999 992 de
1022 947 1059 992 ea
1082 947 1117 993 re
1140 929 1175 991 in
1199 929 1366 993 literarum
1389 930 1455 993 his-

330 1042 411 1104 toria
444 1040 526 1104 nihil
560 1047 608 1105 est
638 1041 799 1105 nuditum.
831 1041 870 1104 In
903 1040 1130 1106 declamatione
1154 1060 1229 1105 vero
1254 1044 1363 1106 omnia
1385 1042 1455 1106 lan-

328 1153 427 1237 guida
462 1159 545 1218 sunt.
576 1153 650 1217 Non
682 1153 828 1219 homines
859 1154 915 1218 sed
938 1153 1038 1218 verba
1060 1155 1093 1217 in
1117 1159 1278 1218 certamen
1302 1156 1456 1236 veniunt3

329 1267 456 1332 scholae
489 1286 554 1331 non
588 1269 672 1332 vitae
703 1269 854 1352 scriptam
885 1285 955 1332 esse
987 1269 1160 1332 orationem
1193 1268 1308 1351 quavis
1337 1270 1456 1352 pagina

329 1383 450 1461 cernis3
483 1383 511 1446 si
542 1400 605 1465 qua
628 1382 712 1444 inter
733 1386 854 1444 ceteras
878 1380 1022 1445 eiusdem
1043 1381 1171 1465 generis
1195 1380 1331 1462 excellit,
1354 1382 1453 1444 inter-

328 1496 406 1560 dum
439 1496 595 1560 sermonis
624 1495 781 1578 elegantia
803 1495 955 1558 lectorem
979 1494 1129 1574 delectat,
1154 1495 1366 1578 paucissimae
1388 1500 1454 1558 tam

327 1608 484 1692 perfectae
518 1613 595 1672 sunt
631 1613 662 1672 et
696 1608 877 1693 perpolitae,
912 1614 949 1671 ut
982 1607 1183 1672 artificiosam
1216 1609 1316 1672 totius
1349 1609 1455 1691 operis
1508 1615 1513 1620 “

328 1723 601 1805 compositionem,
632 1720 821 1784 laboriosam
853 1722 1083 1785 sententiarum
1114 1725 1318 1803 structuram,
1342 1719 1455 1784 verbo·

328 1855 401 1898 rum
426 1834 584 1899 delectum
609 1834 852 1919 ubertatemque
871 1835 1045 1898 admireris.
1066 1834 1127 1898 Sed
1147 1834 1238 1898 nulla
1249 1839 1312 1898 tam
1327 1836 1454 1918 egregia

328 1968 398 2012 esse
420 1954 533 2032 potest,
558 1954 677 2012 utnon
697 1948 800 2012 taedio
813 1948 1122 2032 quodamaffioiatur
1134 1950 1322 2032 quicunque
1334 1948 1453 2012 multas

328 2063 398 2128 eius
429 2064 561 2146 paginas
595 2062 745 2145 deinceps
767 2061 916 2146 perlegat.
940 2061 1058 2126 Veram
1081 2081 1210 2126 oausam
1235 2063 1295 2146 agi,
1318 2064 1352 2125 in
1376 2081 1452 2126 vero

327 2177 448 2240 versari
483 2175 667 2239 discrimine
698 2193 798 2256 reum,
825 2193 917 2238 veras
941 2175 1073 2239 insidias
1096 2175 1296 2258 iniuriasque
1319 2176 1451 2256 narrari,

327 2309 368 2352 ne
402 2289 523 2372 fingere
558 2289 686 2371 quidem
722 2289 821 2352 lector
853 2294 964 2372 potest.
999 2288 1082 2353 Satis
1113 2307 1246 2372 magnae
1277 2287 1351 2352 illae
1374 2293 1451 2352 sunt

329 2403 533 2484 differentiae,
569 2422 649 2484 quas
684 2403 877 2466 enumeravi.
909 2402 991 2466 Sunt
1021 2408 1128 2466 tamen
1159 2404 1254 2466 etiam
1285 2403 1452 2480 nonnulla,

329 2534 411 2599 quae
435 2516 534 2578 oratio
555 2515 743 2579 scholastica
763 2535 837 2579 cum
851 2514 1124 2579 orationeforensi
1136 2513 1451 2596 communiahabeat,

326 2647 433 2711 neque
457 2646 493 2691 ea
516 2628 748 2692 contemnenda
773 2633 857 2692 sunt.
881 2625 1026 2703 Quorum
1050 2628 1111 2691 hoo
1132 2628 1185 2691 vel
1204 2629 1451 2710 maximumest‚

329 2742 415 2826 quod
449 2746 587 2825 utraque
623 2747 745 2804 certum
779 2741 909 2824 aliquod
943 2739 1037 2805 babet
1068 2741 1248 2821 consilium,
1279 2745 1449 2825 certosque

325 2855 416 2938 fines,
439 2857 523 2919 intra
554 2875 635 2938 quos
658 2859 724 2918 tota
747 2856 845 2918 oratio
869 2856 1038 2918 consistat:
1063 2855 1141 2938 quid
1164 2854 1446 2918 demonstrandum

327 2972 368 3034 sit
391 2969 429 3034 ab
452 2971 544 3033 initio
569 2988 674 3052 usque
693 2968 732 3031 ad
751 2967 847 3032 finem
869 2973 1009 3047 constat,
1024 2969 1177 3031 orationis
1189 2972 1295 3050 partes
1307 2968 1448 3050 sophista

326 3078 400 3146 non¹
414 3084 522 3147 minus
545 3087 693 3147 accurate
712 3081 874 3146 distribuit
893 3102 991 3165 quarn
1010 3083 1047 3164 is,
1068 3083 1124 3165 qui
1142 3082 1177 3145 in
1189 3081 1308 3145 iudicio
1321 3086 1450 3145 accusat

327 3196 378 3260 vel
409 3215 539 3260 causam
569 3198 650 3279 agit,
677 3196 755 3279 quid
778 3198 918 3278 primum
942 3197 983 3259 sit
1006 3194 1200 3278 ponendum,
1224 3194 1303 3278 quid
1326 3193 1449 3275 deinde,

328 3310 406 3393 quid
437 3309 586 3373 ultimum
620 3329 729 3374 secum
754 3310 936 3388 constituit;
961 3329 979 3372 a
1001 3310 1163 3393 proposito
1187 3327 1247 3373 suo
1270 3327 1336 3371 non
1361 3307 1445 3370 diva·

326 3428 438 3508 gatur;
462 3443 526 3486 non
551 3428 739 3507 argumenta
762 3444 829 3506 sua,
852 3430 947 3507 prout
971 3423 1122 3507 quodque
1144 3424 1179 3485 in
1200 3423 1450 3503 mentemvenit,

326 3538 371 3602 ita
393 3537 429 3600 in
452 3535 620 3600 scribendo
643 3535 777 3619 profert,
803 3535 858 3599 sed
883 3537 1035 3618 quoniam
1059 3553 1096 3620 eo
1116 3535 1249 3598 oonsilio
1271 3533 1390 3615 scribit,
1413 3539 1448 3598 ut

327 3656 383 3716 aut
405 3650 564 3714 forensem
588 3651 804 3733 eloquentiam
826 3650 981 3714 imitando
997 3650 1164 3714 'doetrinae
1182 3650 1318 3733 gloriam
1337 3651 1447 3734 aequi-

325 3771 383 3847 rat,
405 3770 462 3830 aut
484 3764 651 3848 discipulis
671 3766 739 3828 suis
759 3763 905 3847 exempla
924 3769 1089 3847 proponat,
1102 3762 1220 3847 quibus
1240 3761 1447 3827 observandis

326 3897 361 3942 se
384 3878 423 3941 ad
445 3880 572 3961 patroni
590 3897 758 3942 causarum
781 3896 900 3940 munus
913 3876 1138 3940 sustinendum
1150 3880 1328 3957 exerceant,
1339 3876 1449 3939 omnia

325 3991 370 4054 ita
400 3990 597 4075 disponenda
624 3995 700 4054 sunt
722 3994 759 4054 ut
780 3988 942 4052 auditores
965 4009 1062 4073 quam
1085 3989 1225 4052 maxime
1247 3978 1447 4070 moveantur,

326 4108 357 4167 et
388 4103 429 4167 ad
457 4102 554 4167 fidem
586 4102 763 4166 habendam
795 4102 1005 4166 adducantur.
1030 4099 1145 4165 Omnia
1166 4103 1201 4164 in
1226 4120 1263 4165 eo
1286 4100 1447 4165 scribendi

325 4234 441 4299 genere
475 4220 560 4280 certa
594 4220 671 4280 sunt
701 4220 732 4279 et
762 4215 897 4297 stabilia,
920 4215 1001 4278 nihil
1034 4215 1196 4298 scriptoris
1220 4213 1351 4277 arbitrio
1375 4232 1445 4297 per·

326 4329 473 4394 mittitur.
497 4327 591 4404 Quod
613 4335 719 4395 autem
742 4330 782 4396 de
802 4330 944 4414 sophista
962 4329 1114 4415 dicebam,
1132 4328 1218 4394 idem
1238 4328 1278 4394 de
1289 4346 1326 4393 eo
1339 4328 1447 4393 dioen-
