3348 5262
756 637 820 699 295

224 816 388 898 κρατήσωσι
411 837 477 881 non
500 819 619 902 legitur
640 815 676 882 θον
700 817 731 882 δὲ
754 818 924 891 ἡττηθῶσιν,
949 815 1139 905 ea'quoque
1159 842 1210 888 res
1222 823 1351 889 facilem

223 931 319 996 habet
349 934 612 1012 excusationem
644 935 763 997 etenim
788 930 955 996 θνοολλύνοον
977 933 1140 1014 ἀνθρώπους
1164 933 1351 1016 συμμάχους

223 1042 351 1116 πολλούς
382 1045 557 1110 Eteonicus
581 1065 646 1109 non
670 1050 802 1129 poterat,
825 1047 889 1110 nisi
913 1048 947 1109 vi
970 1067 1142 1131 aggressus
1166 1051 1351 1114 coniuratos

223 1157 343 1241 proelio
375 1159 513 1222 vicisset.
545 1156 678 1222 Dictum
712 1176 789 1242 ergo
811 1158 893 1222 illud
916 1157 949 1221 τὸ
971 1159 1000 1221 τ’
1024 1152 1063 1222 οὗ
1088 1197 1129 1206 -
1152 1159 1279 1234 πολλούς
1304 1168 1352 1227 est

222 1289 294 1354 pro:
330 1268 365 1333 σθ
399 1270 427 1332 r'
462 1262 501 1332 οὗ
532 1268 623 1349 μοθχη
655 1275 782 1350 κροτεῖν,
814 1268 976 1350 ἀνθρώπους
1007 1271 1134 1345 πολλοὺς
1164 1272 1351 1353 συμμάχους

222 1381 406 1448 arctatura.
431 1383 547 1468 Itaque
572 1403 638 1448 non
663 1385 820 1468 estquod
845 1389 998 1468 putemus
1018 1386 1177 1450 excidisse
1189 1388 1348 1470 quaedam

222 1498 273 1562 vel
296 1498 441 1562 ordinem
467 1516 537 1562 esse
557 1497 733 1562 turbatum.
755 1498 855 1561 Aliud
876 1499 1030 1582 estquod
1051 1500 1130 1563 mihi
1143 1501 1351 1565 vehementer

223 1610 399 1694 displiceat,
429 1611 528 1695 idque
558 1613 593 1674 in
622 1613 798 1675 sententiae
822 1615 967 1676 extrema
989 1618 1087 1695 parte,
1112 1631 1194 1696 quae
1217 1615 1351 1698 nemini,

222 1731 383 1810 quantum
421 1727 506 1807 novi,
539 1725 703 1790 molestias
735 1724 890 1788 exhibuit.
924 1723 1009 1800 Quid
1039 1743 1115 1810 ergo
1147 1731 1223 1810 erat,
1247 1746 1347 1810 quare

222 1857 263 1902 ne
304 1839 433 1902 vincere
477 1837 609 1921 quidem
652 1837 829 1902 Eteonicus
867 1839 1052 1903 coniuratos
1086 1839 1207 1904 vellet?
1243 1838 1349 1915 Quare

222 1952 344 2016 multos
367 1969 480 2015 eornm
505 1951 611 2034 palam
636 1951 780 2016 occidere
803 1951 997 2016 verebatur?
1021 1948 1067 2014 ῗνοο
1087 1950 1131 2030 μη
1151 1951 1203 2015 aci
1223 1952 1263 2025 εἰς
1280 1953 1348 2026 τοὺς

219 2060 329 2136 ἄλλους
364 2061 519 2136 Ἕλληνυς
550 2063 692 2141 δονοβολην
721 2069 832 2143 σχοῖεν.
866 2064 938 2128 Hoc
968 2065 1048 2148 quid
1071 2067 1113 2130 sit
1136 2067 1288 2152 intellige.
1313 2067 1349 2131 Si

222 2179 308 2241 enim
347 2176 524 2241 Eteonicus
559 2173 801 2241 coniuratorum
835 2197 993 2261 magnum
1025 2197 1201 2242 nnmerum
1234 2180 1285 2246 vel
1315 2181 1347 2243 in

222 2291 343 2374 proelio
378 2290 554 2372 occidisset,
585 2290 637 2354 vel
667 2291 770 2355 victos
803 2295 904 2355 morte
938 2290 1116 2372 multasset,
1137 2292 1238 2356 simul
1263 2311 1347 2375 quae

221 2421 333 2467 eorum
357 2402 475 2467 fuisset
495 2402 613 2466 iniuria
635 2404 670 2465 in
690 2402 809 2486 vulgus
829 2406 945 2466 notum
965 2401 1087 2490 facturn
1108 2407 1208 2468 esset:
1229 2423 1348 2488 cogno-

218 2519 342 2582 vissent
372 2518 458 2580 enim
483 2517 633 2579 homines
655 2515 727 2580 illos
751 2516 925 2580 consilium
949 2517 1061 2580 iniisse
1085 2514 1193 2598 Chios,
1216 2515 1345 2600 Sparta-

219 2650 336 2694 norum
371 2631 484 2711 socios,
523 2629 738 2713 aggrediendi,
775 2627 942 2713 spoliandi,
976 2631 1123 2713 necandi,
1156 2649 1259 2713 eaque
1292 2649 1345 2696 res

219 2743 391 2827 Spartanos
413 2743 448 2806 in
470 2743 627 2806 invidiam
652 2743 739 2826 apud
759 2761 873 2808 omnes
893 2745 997 2807 socios
1017 2743 1214 2826 adduxisset,
1233 2763 1344 2808 rumc-

217 2877 333 2941 resque
346 2857 396 2921 de
417 2858 458 2920 iis
481 2856 707 2920 huiuscemodi
730 2859 832 2940 sparsi
857 2861 980 2936 essent3
1004 2875 1097 2937 „non
1117 2860 1166 2920 est
1182 2861 1342 2920 tutaoum

218 2971 382 3055 Spartanis
412 2971 557 3050 societas,
589 2972 656 3053 qui,
687 2970 865 3033 dummodo
895 2969 957 3033 sibi
980 2969 1161 3052 consulant,
1185 2988 1226 3033 ne
1249 2970 1344 3034 sociis

219 3085 350 3168 quidem
375 3083 537 3168 parcant.''
561 3082 646 3159 Quid
670 3087 780 3147 autem
800 3088 873 3166 post
893 3083 937 3160 μθ
957 3104 1023 3144 rua
1042 3080 1091 3145 κοιὶ
1104 3081 1143 3154 εἰς
1155 3080 1222 3154 τοὺς
1234 3080 1344 3154 ἄλλους

218 3195 372 3270 Ἕλληνος
403 3194 545 3273 δνοοβολην
576 3203 679 3274 σχοῖεν
710 3195 880 3279 sequitur?
912 3192 964 3258 κοοὶ
987 3194 1011 3258 οἱ
1034 3198 1210 3274 σσροοτοῶσοον
1234 3192 1344 3260 δύσνουν

215 3306 283 3389 πρὸς
317 3309 358 3372 τοι
391 3307 563 3388 σροθχμοοσοο
592 3301 666 3371 ὦσιν.
699 3308 790 3372 Itane
812 3307 912 3372 vero?
935 3307 1021 3391 Ergo
1044 3307 1223 3371 verendum
1249 3313 1343 3391 esset,

215 3443 256 3488 ne
288 3424 415 3499 milites,
447 3425 504 3506 qui
534 3423 570 3485 in
593 3421 697 3485 officio
723 3425 919 3502 manserant,
942 3426 973 3484 et
997 3421 1071 3485 duci
1095 3440 1154 3485 suc
1178 3422 1213 3484 in
1237 3423 1342 3506 oppri-

216 3536 334 3601 menda
357 3535 578 3598 coniuratione
597 3533 726 3598 fidelem
747 3539 942 3598 navaverant
961 3553 1101 3617 operam,
1122 3533 1238 3615 subito,
1251 3534 1343 3597 nulla

214 3668 248 3712 re
283 3667 368 3712 nova
398 3648 502 3729 allata,
532 3647 683 3710 malevoli
712 3645 835 3729 fierent,
864 3647 898 3710 id
928 3653 993 3711 est:
1016 3648 1153 3730 imperia
1177 3665 1341 3728 capessere

213 3760 423 3826 recusarent?
446 3759 544 3824 Haud
569 3760 635 3823 vidi
660 3761 771 3844 magis.
798 3758 968 3835 Quodnam
993 3778 1069 3843 ergo
1092 3759 1274 3842 periculum
1298 3777 1341 3822 ex

214 3893 251 3940 ea
274 3875 421 3938 renasci
443 3877 575 3957 poterat,
599 3873 686 3956 quod
710 3872 829 3938 milltes
852 3872 998 3956 Spartani
1026 3878 1057 3936 et
1079 3871 1164 3955 apud
1187 3870 1286 3936 Chlos
1310 3876 1342 3936 et

214 3988 299 4072 apud
323 3993 444 4052 ceteros
468 3986 606 4051 Graecos
628 3988 665 4050 in
686 3986 842 4050 invidiam
868 3991 959 4050 erant
981 3985 1137 4049 adducti?
1158 3983 1341 4068 Opinor,ne

213 4104 275 4186 ipsi
299 4101 420 4183 Graeci,
443 4101 474 4164 id
500 4105 549 4165 est
571 4099 802 4183 Spartanorum
827 4101 914 4181 sccii,
938 4099 1069 4182 posthae
1095 4099 1205 4160 minus
1231 4102 1338 4161 essent

212 4216 365 4301 propensi
394 4213 435 4278 ad
465 4214 626 4278 auxilium
657 4212 876 4298 praebendum
907 4211 1070 4295 Spartanis
1093 4212 1128 4273 in
1151 4210 1235 4274 bello
1260 4209 1339 4292 (πρὸς

213 4326 254 4392 σοὶ
288 4324 481 4412 πράγματα).
516 4325 700 4391 Delendum
736 4345 810 4410 ergo
842 4344 958 4390 censeo
988 4323 1012 4387 οἱ
1041 4326 1227 4404 σσροοσοῶσοον,
1252 4322 1339 4406 quod
