3330 5262
895 637 959 701 322

356 818 419 892 δέος
454 815 485 884 δὲ
519 817 632 898 ἐγένετο
669 827 706 901 τῇ
743 817 900 901 πανηγύρει
933 817 1017 898 μέγα
1050 819 1094 897 μη
1124 817 1176 894 ξὺν
1202 818 1300 893 θτλονς
1323 818 1441 886 ἔλθωσιν
1463 823 1485 888 οἱ

357 930 593 1010 Λακεδαιμόνιοι,
629 929 729 1005 ἄλλως
764 955 797 996 τε
830 930 882 996 καὶ
916 929 1014 1004 ἐπειδὴ
1050 930 1102 996 καὶ
1138 931 1262 1011 Λίχας.
1278 981 1285 996 .
1300 979 1330 997 ..
1363 933 1484 1012 πληγὰς

357 1041 477 1123 ἔλαβεν.
513 1045 562 1111 De
591 1045 690 1109 Licha
721 1065 797 1130 ergo
819 1045 1023 1128 Thucydides
1046 1051 1163 1129 narrat,
1188 1051 1223 1110 ut
1247 1053 1398 1131 appareat
1424 1069 1484 1132 qua

357 1160 592 1243 perseverantia
625 1157 695 1222 Elei
726 1157 955 1242 Spartanorum
987 1159 1157 1242 postulatis
1181 1161 1374 1241 restiterint;
1401 1161 1483 1245 apud

357 1271 606 1356 Xenophontem
642 1277 750 1337 autem
786 1290 823 1337 ea
857 1273 997 1336 narratio
1031 1273 1077 1336 ita
1109 1272 1246 1355 additur,
1277 1275 1372 1357 quasi
1403 1294 1482 1338 nova

359 1383 516 1471 quaedam
539 1384 691 1449 Eleorum
714 1385 869 1448 adversus
888 1383 1060 1468 Spartanos
1081 1387 1200 1449 iniuria
1218 1387 1482 1470 praecedentibus

358 1500 509 1564 addatur:
544 1519 581 1562 ea
610 1500 697 1563 enim
721 1499 770 1562 vis
795 1504 844 1563 est
868 1497 1038 1562 verborum
1064 1495 1116 1560 καὶ
1140 1498 1172 1562 οὐ
1197 1496 1282 1574 μόνον
1304 1500 1385 1563 τοῦτ’
1410 1499 1482 1581 ἦρκεν

358 1609 443 1677 ἄλλα
476 1609 528 1675 καὶ
543 1659 549 1673 .
564 1659 571 1674 .
586 1657 617 1676 ..
653 1610 764 1694 Inepte
795 1615 902 1675 autem
935 1611 1058 1694 reliqua
1087 1612 1195 1675 omnia
1217 1630 1287 1676 esse
1310 1616 1482 1695 enuntiata,

358 1743 441 1809 quae
464 1723 524 1788 hoc
548 1724 617 1788 loco
641 1724 681 1788 de
704 1722 803 1787 Licha
825 1723 987 1807 leguntur,
1010 1725 1067 1786 vix
1088 1724 1306 1788 demonstrare
1326 1745 1408 1809 opus
1428 1732 1481 1790 est.

357 1837 442 1902 Satis
477 1840 591 1922 opinor
625 1855 695 1902 esse
730 1837 828 1901 semel
859 1838 947 1900 hunc
976 1837 1084 1901 locum
1116 1838 1201 1901 clara
1223 1857 1302 1902 voce
1325 1840 1480 1904 recitasse.

359 1949 439 2026 Quis
475 1952 558 2014 enim
592 1969 735 2033 unquam
768 1950 905 2034 scriptor
934 1951 1031 2034 paulo
1054 1951 1229 2034 elegantior
1251 1953 1296 2014 ita
1318 1954 1482 2036 participia

359 2065 667 2147 coniunctionesque
690 2064 774 2126 inter
797 2081 831 2126 se
853 2063 999 2127 miscuit:
1024 2062 1113 2141 Λίχα
1132 2062 1331 2144 ταραθθντος.
1347 2111 1353 2126 .
1367 2113 1398 2130 ..
1419 2061 1480 2129 ἐπεὶ

357 2173 543 2255 ἐκηρύττοντο
559 2223 565 2239 .
580 2222 589 2239 .
602 2223 631 2238 ..
664 2172 712 2238 ὅτε
735 2173 849 2247 εἰσῆλθε
872 2173 976 2253 Λίχας
999 2212 1043 2222 -
1067 2178 1283 2253 μαστιγοῦντες
1306 2174 1394 2240 αθτθν
1408 2225 1414 2242 .
1428 2224 1436 2240 .
1449 2223 1479 2239 ..

355 2290 427 2355 Nisi
460 2310 479 2354 a
507 2288 694 2370 Thucydide
722 2287 882 2351 auxilium
906 2291 1013 2372 petere
1035 2288 1152 2371 liceret,
1175 2306 1278 2371 nemo,
1302 2291 1482 2374 stophen,

357 2423 374 2470 e
398 2405 589 2485 domatione,
614 2419 697 2486 quae
720 2402 772 2464 hic
794 2420 850 2484 pro
873 2399 1109 2484 Xenophontea
1133 2403 1325 2483 venditatur,
1350 2421 1481 2486 cognos-

356 2532 428 2582 cere
451 2520 567 2600 posset‚
592 2515 671 2599 quid
694 2514 822 2578 tandem
845 2514 954 2577 fecerit
974 2511 1089 2578 Lichas
1110 2513 1253 2597 quidque
1274 2516 1304 2578 ei
1323 2515 1480 2580 acciderit.

401 2629 505 2712 Caput
535 2627 594 2709 111,
627 2630 655 2690 2.
690 2626 790 2690 Paulo
814 2627 891 2690 mihi
907 2627 1059 2710 'longiore
1083 2646 1164 2711 opus
1188 2632 1236 2692 est
1258 2628 1482 2712 disputatione,

356 2749 393 2808 ut
417 2744 599 2827 opinionem
626 2741 788 2825 quandam
813 2759 917 2804 meam
940 2740 1099 2824 proferam
1122 2741 1161 2805 de
1181 2740 1288 2804 verbis
1307 2742 1482 2824 nonnullis,

357 2856 476 2941 quibus
499 2857 533 2919 in
558 2855 731 2919 certamine
755 2874 830 2918 oum
852 2853 1046 2935 Leotychide
1069 2854 1241 2938 Agesilaus
1261 2856 1370 2919 utitur.
1390 2855 1481 2920 Post-

356 2987 452 3054 quam
476 2969 562 3032 enim
585 2967 640 3032 ille
664 2986 698 3031 se
721 2966 824 3050 Agide
844 2976 956 3031 natum
978 2966 1156 3049 affirmavit,
1168 2967 1339 3050 Agesilaus
1351 2987 1482 3051 respon-

354 3083 422 3148 det:
463 3079 662 3166 „Neptunus
692 3085 724 3145 te
756 3081 882 3144 mentiri
913 3077 1117 3156 κατεμοθνυσεν
1145 3080 1177 3143 ἔκ
1200 3083 1240 3142 τῶ
1266 3079 1393 3159 θαλάμου
1417 3077 1478 3154 ἐξ·

354 3194 452 3267 λασας
487 3193 597 3274 σεισμῷ
628 3192 669 3266 εἷς
700 3192 733 3258 τὸ
758 3192 881 3273 Φανερθν
904 3192 952 3256 τὸν
972 3191 1021 3256 σθν
1045 3189 1168 3273 πατέρα.
1194 3192 1428 3274 συνεμαρτύρησε
1451 3193 1481 3258 δὲ

355 3307 443 3372 ταῦτ’
467 3306 547 3386 αὐτῷ
571 3303 621 3370 καὶ
645 3304 658 3367 ὃ
680 3303 882 3378 ἀληθέστατος
903 3302 1060 3381 λεγόμενος
1079 3304 1180 3384 χρόνος
1198 3299 1278 3368 εἶναι’
1300 3303 1360 3386 ἀφ’
1380 3299 1480 3386 οὖγθρ

353 3442 395 3483 τοι
420 3413 516 3499 ἔφυγε
535 3415 588 3482 καὶ
610 3418 661 3482 οὐκ
682 3415 777 3497 ε’φοθνη
798 3418 827 3481 ἕν
848 3417 889 3497 τῷ
910 3415 1045 3498 θαλοθμῳ,
1068 3415 1180 3497 δεκοθτῳ
1198 3414 1268 3495 μηνὶ
1288 3417 1324 3481 τὺ
1336 3415 1434 3498 ἔφυς’
1448 3419 1479 3500 1).

354 3533 407 3597 Ad
439 3551 476 3598 ea
500 3532 606 3614 verba,
633 3551 716 3615 quae
738 3550 795 3615 per
818 3549 851 3596 se
876 3536 1016 3615 spectata
1039 3533 1117 3595 satis
1141 3531 1277 3596 obscura
1299 3537 1384 3615 sunt,
1407 3533 1480 3596 illu·

353 3646 492 3730 stranda,
527 3649 567 3728 et,
603 3643 875 3728 quemadmodum
911 3649 1020 3728 postea
1055 3643 1244 3729 videbimus,
1282 3646 1481 3710 emendanda

354 3762 459 3843 etiam,
483 3760 545 3822 viri
568 3759 653 3822 docti
677 3763 709 3822 et
732 3758 807 3822 olim
827 3757 1004 3823 attulerunt
1023 3763 1054 3822 et
1067 3778 1155 3823 nunc
1167 3758 1305 3825 afferunt
1316 3759 1480 3824 Plutarchi

354 3873 579 3955 narrationem,
608 3873 665 3957 qui
697 3873 731 3935 in
756 3873 822 3935 vita
845 3872 988 3955 Agesilai
1014 3872 1050 3954 (c.
1072 3873 1091 3936 3
1115 3877 1206 3955 extr.)
1230 3873 1308 3938 haec
1331 3873 1441 3938 habet:
1466 3874 1480 3936 θ

353 3984 384 4050 δὲ
407 3984 592 4064 Ἀγησίλαος
616 3981 675 4065 ἔφη
699 3981 752 4048 καὶ
776 3982 825 4047 τὸν
844 3983 1010 4048 Ποσειδῶνα
1031 3992 1270 4066 καταμαρτυρεῖν
1292 3989 1341 4049 τοῦ
1361 3993 1480 4049 Λευτυ-

352 4099 443 4180 χθδου
466 4098 519 4172 την
543 4097 647 4164 νοθείαν
671 4094 844 4176 ἐκβαλόντα
867 4097 978 4178 σεισμῷ
1002 4101 1052 4162 τοῦ
1073 4096 1210 4177 θαλάμου
1230 4100 1278 4164 τὸν
1297 4097 1402 4177 'Apa
1422 4098 1479 4162 ἆτ’

356 4253 504 4269 m

388 4347 415 4415 1)
434 4349 474 4400 Ita
491 4349 601 4401 Cobotus
616 4361 663 4414 pro
682 4343 774 4409 ἐγένου.
