3352 5260
676 1545 842 1622 CAPUT
868 1545 1138 1620 SEPTIMUM.

634 1744 678 1812 lle
701 1742 925 1828 xenophontis
949 1743 1175 1812 oeconomico.

809 2006 1005 2016 ———...

391 2233 594 2318 Quicumque
617 2254 636 2297 a
658 2253 692 2300 se
714 2236 883 2318 impetrare
906 2235 1018 2318 potuit,
1036 2240 1073 2299 ut
1092 2237 1340 2320 disputationem
1361 2257 1466 2303 mecm

346 2347 385 2411 de
419 2346 676 2413 Memorabilium
711 2347 785 2412 fatis
818 2348 1001 2431 perlegeret,
1033 2347 1126 2413 facile
1159 2351 1337 2434 perspiciet,
1368 2371 1467 2434 quare

345 2460 423 2522 mihi
453 2460 582 2524 illorum
613 2463 755 2524 virorum
783 2459 949 2524 doctorum
973 2462 1128 2525 sententie
1152 2463 1284 2527 minime
1305 2462 1467 2548 probetur,

345 2574 402 2656 qui
435 2572 685 2637 Oeconomicum
720 2573 919 2638 contendunt
953 2574 1028 2637 olim
1062 2573 1318 2639 Memorabilium
1348 2576 1467 2641 librum

344 2687 494 2769 quintum
517 2686 625 2750 fuisse.
648 2685 731 2749 Nam
755 2687 783 2750 si
802 2705 877 2749 cum
896 2686 1004 2769 alique
1023 2686 1074 2751 vel
1094 2688 1228 2751 minime
1246 2688 1467 2771 probabilitate

345 2798 569 2882 demonstravi,
603 2819 668 2863 non
703 2818 768 2862 uno
803 2799 979 2882 eodemque
1009 2804 1151 2884 tempore
1182 2799 1400 2865 Memorabilia
1430 2805 1465 2865 in

343 2913 446 2977 lucem
477 2913 642 2997 prodiisse,
672 2913 728 2978 sed
758 2914 835 2977 satis
865 2912 970 2997 longis
999 2913 1176 2978 intervallis
1209 2911 1468 2999 Xenophontem,

345 3027 600 3110 quotiescunque
627 3025 732 3089 oblata
754 3031 837 3090 esset
861 3027 994 3107 occasio,
1017 3026 1252 3110 colloquiorum
1274 3047 1294 3090 e
1314 3029 1465 3112 magistro

344 3159 404 3203 suo
434 3139 614 3203 habitorum
647 3139 848 3203 collectiones
871 3139 958 3203 haud
981 3140 1025 3202 itu
1049 3159 1181 3222 magnes
1204 3140 1380 3224 evulgasse,
1403 3142 1464 3204 hoc

344 3254 372 3317 si
404 3272 470 3317 non
501 3253 597 3316 nimis
627 3253 734 3335 inepte
764 3256 796 3316 et
818 3251 955 3316 absurde
979 3251 1204 3333 demonstravi,
1227 3271 1267 3316 ne
1289 3252 1370 3317 illud
1393 3255 1465 3337 qui·

344 3366 416 3430 dem
440 3369 573 3447 constet,
593 3367 698 3448 ipsum
724 3367 908 3448 scriptorem
933 3365 1061 3428 tandem
1085 3364 1258 3447 aliquando
1280 3367 1387 3429 omnia
1409 3367 1465 3430 illc

343 3479 503 3562 colloquia
534 3478 708 3562 collegisse,
731 3478 904 3559 ordinasse,
927 3478 1133 3561 disposuisse,
1157 3478 1191 3539 in
1213 3477 1318 3541 luoem
1343 3478 1465 3542 edenda

344 3610 482 3673 curasse,
512 3591 545 3654 id
575 3596 623 3655 est
654 3591 723 3654 eius
753 3589 827 3653 libri
857 3591 1019 3655 exstitisse
1049 3595 1222 3672 auctorem,
1246 3591 1312 3673 qui,
1334 3591 1465 3655 adiectis

342 3705 509 3769 nonnullis
530 3704 792 3787 interpolatorum
814 3705 945 3787 ineptiis
968 3708 999 3766 et
1020 3701 1148 3767 turbato
1170 3702 1223 3765 hic
1244 3702 1311 3765 illic
1328 3704 1464 3786 pristine

344 3818 464 3899 ordine,
486 3817 741 3881 Memorabilium
765 3819 894 3882 nomine
917 3817 958 3881 ad
982 3835 1042 3880 nos
1061 3817 1213 3900 pervenit
1235 3814 1306 3891 Qua
1325 3817 1418 3881 dere
1437 3818 1465 3881 si

341 3932 394 3995 vel
416 3930 578 3994 levissima
600 3934 697 3994 restet
721 3928 885 4011 dubiteti0,
910 3929 1086 3994 absurdum
1110 3927 1249 4012 profecto
1269 3929 1311 3993 sit
1329 3929 1465 4011 credere,

343 4045 484 4128 aliquem
518 4042 744 4127 Xenophontis
776 4044 894 4108 librum
929 4043 969 4107 ad
1001 4043 1083 4106 illud
1116 4061 1232 4125 corpus
1264 4042 1465 4107 referendum

343 4176 422 4238 esse,
445 4177 463 4220 a
487 4175 551 4240 quo
576 4156 794 4240 componendo
817 4158 886 4240 ipse
908 4155 1091 4239 Xenophon
1115 4154 1212 4219 fuerit
1231 4155 1362 4220 alienus.
1381 4153 1465 4219 Nolo

343 4275 459 4352 temen,
481 4288 546 4353 quo
570 4268 685 4333 melius
709 4268 859 4352 procedet
883 4269 1064 4352 disputatio,
1088 4267 1265 4352 quidquam
1287 4269 1359 4351 ipse
1377 4287 1466 4333 meae
