3348 5262
760 543 824 607 263

230 729 354 790 visum:
388 727 483 791 tradit
514 727 599 790 enim
630 726 723 790 illum
754 723 877 804 ξεναγόν
906 729 1007 794 fuisse
1037 749 1158 814 eorum,
1173 791 1176 798 ,
1190 735 1247 815 qui
1270 733 1357 799 domo

231 859 305 903 eum
336 840 487 924 Agesilao
518 839 646 904 fuerant
676 840 809 923 profecti
840 847 871 906 et
898 843 1123 908 nonnullorum
1145 848 1201 908 τῶν
1226 846 1355 925 Κυρείων.

229 955 273 1019 Ιη
305 955 423 1039 quibus
456 957 640 1039 praesertim
676 975 714 1019 ea
748 957 887 1020 hominis
919 959 1057 1022 notanda
1087 961 1268 1042 ignorantia
1299 966 1356 1044 cst,

231 1069 318 1152 quod
358 1069 619 1133 Lacedaemonios
655 1069 880 1152 (νεωδνμώδενςε
917 1091 958 1134 ex
993 1090 1029 1136 eo
1065 1075 1150 1136 enim
1187 1074 1356 1138 hominum

230 1202 347 1267 genere
374 1182 514 1264 fuerunt,
538 1185 595 1266 qui
619 1203 691 1247 cum
716 1183 866 1266 Agesilao
891 1184 985 1248 domo
1011 1191 1087 1250 sunt
1110 1187 1250 1269 profecti.
1274 1187 1357 1252 Hell.

229 1297 286 1379 IV,
311 1300 340 1380 3,
366 1298 416 1378 15)
440 1299 540 1362 credit
564 1297 625 1361 sub
648 1299 782 1382 imperio
808 1293 933 1375 ξεναγοῦ
957 1318 1027 1363 esse
1049 1301 1200 1383 potuisse.

274 1411 317 1493 H,
341 1412 392 1473 20.
414 1411 454 1473 In
477 1411 681 1494 expeditione
704 1416 814 1475 contra
832 1413 1019 1476 Acarnanes
1038 1414 1225 1497 Agesilaum
1246 1419 1355 1479 narrat

230 1525 390 1612 laudator,¹
409 1545 510 1608 quum
534 1525 568 1587 in
592 1527 750 1608 angustiis
775 1526 898 1588 viarum
923 1527 1107 1591 resisterent
1127 1527 1243 1608 hostes,
1264 1548 1354 1590 mon-

230 1638 316 1702 tibus
341 1659 359 1700 a
382 1637 609 1721 Spartanorum
633 1637 775 1716 peltastis
798 1640 961 1721 occupatis
985 1659 1100 1704 manus
1125 1660 1199 1702 cum
1219 1642 1259 1704 iis
1280 1661 1354 1704 con-

229 1753 376 1816 seruisse.
395 1751 533 1814 Prorsus
553 1752 748 1814 contrarium
769 1756 877 1815 narrat
888 1751 1071 1835 Xenophon
1085 1751 1178 1832 (Hell.
1191 1753 1248 1834 IV,
1262 1753 1291 1836 6,
1304 1755 1352 1835 8):

226 1864 423 1949 Agesilaum,
455 1885 557 1947 quum
589 1870 713 1928 montes
744 1865 806 1928 iarn
833 1864 872 1950 ab
896 1864 1041 1929 hostibus
1067 1867 1213 1950 occupati
1236 1872 1354 1949 essent,

226 1997 282 2062 per
306 1983 458 2062 augustas
485 1979 551 2042 vias
574 1979 608 2040 in
631 1978 846 2041 Acarnaniam
867 1983 1032 2061 penetrare
1052 1999 1115 2042 non
1138 1999 1254 2044 ausum
1275 2000 1354 2063 esse,

230 2093 419 2175 priusquam
440 2092 546 2154 hostes
567 2091 605 2154 de
625 2090 791 2154 altioribus
810 2091 889 2154 locis
909 2090 1101 2156 lacessentes
1122 2091 1352 2176 Spartanorum

227 2205 332 2288 copias
356 2204 431 2267 inde
453 2203 587 2283 hoplitae
611 2206 663 2268 sui
687 2203 884 2268 deiecissent.

270 2317 312 2399 H,
348 2319 399 2380 23.
433 2316 585 2402 Legimus
620 2318 705 2400 apud
743 2316 990 2400 Xenophontem
1028 2317 1095 2400 (VI,
1131 2319 1160 2398 5,
1196 2320 1236 2381 10
1273 2323 1353 2403 sqq.)

228 2430 425 2514 Agesilaum,
456 2435 494 2494 ut
523 2430 673 2514 Tegeates
697 2429 927 2513 Spartanorum
951 2431 1069 2494 amicos
1093 2429 1132 2493 ab
1156 2431 1353 2494 adversario-

227 2564 299 2607 rum
330 2543 467 2607 factione
495 2549 525 2606 et
548 2541 825 2606 Mantineensibus
848 2543 1031 2606 interlectos
1055 2543 1274 2626 ulcisceretur,
1297 2563 1353 2608 ex·

226 2658 420 2740 peditioneur
444 2658 475 2718 in
500 2657 671 2719 Arcadiam
695 2657 882 2739 suscepisse,
905 2655 1060 2718 Eutaeam
1085 2655 1197 2719 urbem
1221 2659 1353 2740 cepisse,

227 2791 319 2854 agros
354 2766 535 2834 Mantineae
568 2770 748 2834 adiacentes
783 2774 933 2850 vastasse,
968 2789 1034 2852 quo
1066 2774 1154 2833 metu
1185 2771 1350 2853 perculsos
1378 2824 1383 2828 .

227 2884 463 2948 Mantineenses
495 2903 529 2948 se
560 2882 641 2946 urbe
665 2903 724 2947 sua
746 2884 960 2947 continuisse:
986 2882 1101 2946 deinde
1124 2901 1198 2946 eum
1222 2888 1352 2967 propter

227 2997 364 3060 hiemem
396 2998 503 3080 copias
532 2997 709 3060 reduxisse.
739 2995 818 3059 Tum
843 2997 957 3059 timore
980 2995 1130 3060 liberatos
1154 2995 1353 3060 Mantineen·

227 3127 277 3171 ses
299 3110 438 3191 primum
463 3108 621 3172 Heraeam
647 3107 756 3171 urbem
781 3108 908 3172 adortos
932 3126 1017 3187 esse;
1042 3113 1152 3190 postea
1176 3110 1290 3171 nuntio
1312 3109 1350 3172 de

225 3221 446 3285 Thebanorum
477 3222 619 3285 adventu
651 3225 778 3303 accepto
810 3221 849 3284 ad
880 3221 951 3284 illos
983 3240 1053 3285 esse
1076 3221 1242 3304 profectos.
1265 3221 1351 3306 Ergo

227 3334 404 3398 secundum
440 3333 686 3418 Xenophontem
718 3334 859 3399 Thebani
891 3334 1071 3399 Arcadibus
1103 3336 1226 3400 auxilio
1258 3355 1352 3400 vene-

225 3453 311 3530 runt,
344 3469 444 3532 quum
475 3449 647 3532 Agesilaus
676 3450 741 3513 iam
770 3449 825 3514 diu
849 3449 888 3512 ab
912 3450 1115 3532 expeditione
1138 3451 1242 3515 redux
1265 3451 1352 3514 domi

226 3566 318 3624 esset.
343 3559 428 3636 Quid
451 3567 556 3624 autem
581 3562 713 3626 noster?
738 3560 854 3626 Omnia
877 3581 998 3646 susque
1019 3563 1123 3646 deque
1143 3562 1238 3626 habet
1258 3565 1352 3627 etita

226 3679 349 3737 narrat:
382 3671 597 3746 συνεστηκότων
623 3671 676 3746 ἤδη
701 3677 827 3737 Βοιωτῶν
850 3697 884 3736 τε
906 3672 1024 3738 τνὶντων
1047 3673 1099 3738 κωὶ
1124 3671 1275 3753 Ἀρκάδων
1298 3671 1350 3737 uel

219 3786 346 3851 ¹’Hher‘eu
370 3783 518 3865 στρωτεύεν
543 3785 594 3850 σὺν
618 3783 691 3865 μόνῃ
714 3794 751 3866 τῇ
776 3787 1014 3864 Λωκεδωνμννίων
1038 3786 1169 3863 δυνάμει.

268 3901 310 3983 Π,
347 3902 398 3962 24.
432 3898 593 3963 Laudator
627 3898 855 3982 Spartanorum
889 3900 1100 3982 incommoda,
1135 3900 1254 3983 quibus
1284 3920 1351 3964 uno

224 4018 366 4097 ternpore
401 4012 510 4076 afflicti
545 4017 643 4094 erant,
678 4031 878 4092 enumerans,
913 4012 1044 4077 alteram
1079 4018 1205 4077 tantum
1237 4033 1348 4077 eorum

224 4136 346 4211 partem
379 4127 576 4211 superfuisse
599 4131 715 4208 narrat,
739 4126 835 4189 altera
857 4127 892 4188 in
916 4147 1025 4210 pugna
1047 4125 1212 4190 Leuctrica
1236 4128 1350 4191 occisa.

225 4240 310 4304 Male
334 4259 407 4324 ergo
431 4240 536 4303 locum
562 4239 721 4304 intellexit
739 4240 773 4301 in
793 4238 969 4303 Hellenicis
990 4239 1059 4321 (VI,
1079 4242 1109 4321 4,
1130 4240 1191 4322 15),
1211 4239 1268 4302 ubi
1287 4244 1349 4305 tra-
