3352 5260
758 627 820 690 183
884 643 886 648 '

219 815 400 898 scripsisset
429 815 599 895 postquam
632 809 671 874 ab
701 808 891 874 Eleensibus
914 809 953 872 de
974 808 1103 891 praedio
1127 807 1339 874 Scilluntiano

219 930 304 990 esset
339 925 490 1006 deiectus,
527 922 609 988 liber
640 924 710 1006 ipse
744 923 935 986 amissorum
967 921 1126 986 bonorum
1149 921 1343 986 desiderium

219 1037 411 1122 significaret
430 1037 531 1120 magis
552 1055 648 1118 quam
668 1036 844 1118 praesentis
863 1034 1023 1098 felicitatis
1041 1034 1205 1118 gaudium.
1224 1033 1342 1098 Tamen

218 1155 307 1215 tanto
338 1148 472 1214 artificio
496 1146 728 1212 Oeconomicus
752 1148 891 1230 scriptus
915 1151 972 1228 est,
994 1151 1032 1210 ut
1054 1147 1220 1212 verissime
1244 1146 1283 1210 de
1306 1165 1343 1212 eo

218 1262 401 1348 praedicare
431 1263 603 1346 possimus,
626 1261 713 1344 quod
735 1262 768 1324 in
794 1260 973 1324 dramatum
996 1258 1227 1343 hypothesibus
1249 1263 1344 1325 toties

218 1377 374 1460 legimus:
396 1375 412 1447 ἡ
433 1373 524 1446 ruauh
545 1371 694 1436 industres
713 1373 742 1435 ἐν
761 1372 898 1444 Ἀθήναις
918 1373 970 1437 vel
988 1374 1097 1456 potius
1116 1373 1193 1454 ε’ντῇ
1206 1371 1341 1452 Ἀττικῇ.

219 1490 348 1552 Atticus
377 1489 464 1551 enirn
494 1486 634 1570 agricola
661 1486 717 1550 ille
746 1485 974 1549 Ischomachus
1004 1489 1068 1548 est:
1094 1484 1343 1550 Soilluntienum

220 1619 294 1664 eum
317 1619 430 1687 agrum
454 1599 556 1663 colere
574 1599 674 1662 lector
693 1617 734 1662 ne
754 1598 936 1681 suspicetur
956 1598 1094 1681 quidem,
1107 1597 1161 1663 sed
1175 1599 1202 1664 si
1215 1599 1342 1684 quando

220 1715 250 1778 ei
272 1715 307 1776 in
329 1716 469 1776 mentem
492 1713 580 1776 venit
598 1729 718 1795 rogare,
738 1710 795 1775 ubi
813 1710 868 1774 illo
886 1715 1028 1794 tempore
1047 1716 1132 1775 esset
1151 1710 1343 1796 Xenophon,

221 1845 322 1910 quum
350 1824 551 1890 Ischomaohi
573 1825 626 1888 sni
648 1824 747 1886 vitam
770 1827 922 1905 narraret,
944 1823 995 1886 vel
1018 1824 1126 1906 potius
1149 1823 1344 1908 depingeret,

220 1958 286 2002 non
316 1942 421 2022 potest
451 1956 517 2000 non
541 1937 691 2000 admirari
714 1937 878 2019 scriptoris
899 1937 1136 2020 praestantiam,
1159 1938 1217 2020 qui
1241 1957 1342 2020 quum
1378 2019 1380 2022 Ι

220 2052 275 2116 diu
304 2053 390 2116 inter
419 2049 670 2133 Peloponnesios
701 2049 844 2129 vixisset,
875 2052 982 2112 tamen
1004 2067 1071 2111 non
1094 2049 1198 2114 solum
1221 2051 1342 2133 patriae

220 2164 276 2228 sed
303 2182 345 2228 ne
366 2164 443 2227 artis
467 2162 598 2245 quidem
621 2181 703 2245 quae
723 2161 770 2226 ibi
792 2160 919 2224 floreret
942 2162 1078 2245 eiusque
1100 2167 1342 2246 praeceptorum

221 2293 365 2358 unquam
389 2279 472 2338 esset
494 2276 671 2338 immemor.

263 2388 359 2452 Iurat
377 2388 475 2452 huius
487 2405 618 2470 quoque
629 2387 758 2450 virtutis
770 2386 917 2470 exempla
930 2385 1089 2470 quaedam
1098 2387 1151 2450 hic
1164 2406 1340 2472 apponere:

266 2505 294 2566 1.
324 2501 443 2567 Levius
473 2506 522 2567 est
551 2520 657 2584 nequo
687 2502 797 2584 magni
827 2503 991 2583 momenti,
1024 2501 1111 2585 quod
1134 2501 1279 2568 Socrates
1303 2502 1343 2566 ab

219 2614 426 2680 Ischomacho
456 2619 598 2697 rogatus,
628 2615 771 2697 possitne
802 2613 904 2677 oculis
937 2632 1137 2698 cognoscere,
1170 2615 1243 2700 quis
1267 2633 1343 2700 ager

220 2730 335 2809 siccus,
361 2730 435 2812 quis
456 2727 610 2792 humidus
634 2727 684 2809 sit,
705 2727 751 2789 ita
771 2726 950 2809 respondet,
970 2731 1007 2790 ut
1024 2728 1196 2810 utriusque
1215 2731 1342 2812 generis

220 2843 404 2926 exemplum
438 2841 547 2905 afferat
581 2861 601 2904 a
634 2840 701 2904 solo
732 2840 840 2904 Attico
870 2844 1035 2922 sumptum
1067 2838 1171 2922 (XIX,
1195 2841 1243 2921 dt:
1268 2837 1342 2920 ξνρνὶ

220 2954 275 3030 μὲν
304 2957 373 3030 γοῦν
403 2975 452 3030 μοι
482 2952 560 3016 δοκεῖ
587 2945 657 3015 εἶναι
687 2953 704 3024 ἡ
736 2949 800 3032 περ)
832 2951 881 3014 τόν
904 2951 1103 3028 Λυκαβνπὸν
1130 2950 1182 3015 καὶ
1206 2952 1222 3024 ἡ
1246 2951 1340 3033 ταύτρ

219 3065 315 3143 ὁμοία,
347 3063 421 3142 ὑγραὶ
450 3064 482 3128 δὲ
512 3064 529 3137 ἦ
561 3065 590 3128 ἐν
618 3064 658 3138 τῷ
682 3064 833 3142 Φαλνρννῷ
856 3059 914 3126 ἕλεν
937 3061 988 3126 καὶ
1012 3062 1029 3135 ἡ
1052 3061 1147 3143 ταθτρ
1170 3063 1263 3144 ὁμοί.
1287 3065 1342 3129 In·

220 3179 361 3262 signiora
384 3182 416 3242 et
438 3177 478 3241 ad
501 3196 611 3241 meum
629 3177 827 3261 propositum
847 3176 975 3240 utiliora
994 3182 1072 3241 sunt
1090 3178 1246 3262 exempla,
1259 3198 1341 3262 quae

220 3294 409 3374 sequuntur.

265 3404 293 3466 2.
316 3401 525 3486 Lepidissime
551 3403 661 3466 iocans
685 3402 831 3485 queritur
853 3400 1081 3467 Ischomachus
1105 3403 1144 3468 de
1166 3406 1341 3470 incommo-

220 3515 269 3578 dis
299 3514 519 3597 molestiisque
548 3514 667 3597 quibus
688 3516 724 3578 in
746 3514 940 3580 democratia
961 3516 1153 3581 Atheniensi
1175 3521 1341 3603 expositus

220 3631 268 3690 ost
297 3628 484 3709 quicunque
513 3626 636 3709 aliquid
666 3626 771 3691 valere
802 3627 939 3710 pecunia
962 3629 1172 3692 existimatur.
1196 3629 1339 3714 Rogatus

220 3741 305 3803 enim
336 3757 354 3801 a
384 3739 521 3821 Socrate,
552 3759 610 3804 cur
636 3743 665 3806 ei
688 3760 866 3824 cognomen
888 3741 978 3812 καλός
1002 3742 1133 3818 κόναθός
1156 3743 1265 3808 datum
1290 3746 1340 3828 sit,
1390 3789 1392 3795 -

219 3850 388 3934 respondet
414 3850 498 3932 (VH,
522 3854 569 3934 3):
597 3855 731 3934 „sintne
754 3854 911 3935 nonnulli,
935 3857 992 3937 qui
1015 3855 1094 3918 mihi
1115 3857 1201 3920 istud
1223 3876 1340 3940 cogno·

219 3982 294 4027 men
316 3963 455 4028 tribuere
477 3965 610 4047 soleant,
631 3965 781 4050 equidem
804 3968 934 4050 ignoro;
961 3966 992 4030 οὐ
1016 3965 1074 4046 γόιρ
1096 3966 1131 4039 δὴ
1155 3965 1226 4034 όταν
1245 3969 1281 4046 γε’
1299 3995 1340 4048 με

219 4074 258 4144 εἷς
288 4073 434 4140 ἀντίδοσιν
465 4080 612 4141 καλῶνται
642 4077 828 4158 τριηραρχίας
851 4075 867 4151 ἢ
892 4077 1045 4158 χορηγίας,
1068 4077 1162 4153 οὐδεὶς
1184 4079 1270 4162 ζητεῖ
1290 4085 1339 4148 τὸν

218 4185 310 4252 καλόν
338 4211 371 4251 τε
393 4189 532 4265 κάγαθόν,
555 4188 640 4253 ἄλλα
661 4195 767 4271 σαφῶς
790 4188 980 4269 θννμνθζνντθς
1003 4214 1044 4267 με
1066 4192 1255 4276 Ἰσχόμαχον
1277 4221 1337 4262 πα-

219 4297 311 4378 τρόθεν
335 4301 595 4380 πραςκαλοῦνταν”.
