3354 5268
892 587 932 649 to

353 780 438 842 enim
462 775 578 841 Cobeto
601 775 715 840 melius
735 773 890 856 observat,
909 772 965 836 ubi
985 791 1039 837 eae
1061 774 1218 836 sermonis
1232 773 1374 851 virtutae,
1388 790 1467 854 quas

351 892 420 975 ipse
454 889 619 953 verissime
648 886 856 971 Xenophonti
886 885 1006 960 tribuit,
1037 885 1240 948 librariorum
1270 885 1396 948 incuria
1418 881 1468 948 vel

353 1003 523 1068 sciolorum
545 999 842 1085 interpolationibus
864 1001 929 1064 sint
951 998 1145 1080 obscuratae,
1167 1017 1262 1062 nemo
1281 999 1351 1082 ipsa
1371 999 1469 1080 scrip·

353 1118 431 1181 toris
464 1115 560 1179 verba
594 1114 772 1198 elegantius
801 1115 987 1196 rectiusque
1017 1113 1173 1190 restituit;
1209 1111 1376 1194 nequead
1400 1129 1469 1174 eam

354 1249 422 1294 rem
456 1229 551 1312 longe
584 1228 692 1311 petitis
726 1227 951 1309 arcessitisque
983 1225 1131 1289 remediis
1160 1226 1271 1306 utitur,
1302 1224 1359 1288 sed
1389 1242 1471 1307 quae

355 1343 450 1406 unice
483 1361 559 1406 vera
595 1340 753 1404 medicina
786 1345 842 1421 est,
875 1358 945 1403 eam
980 1357 1104 1422 semper
1137 1342 1168 1402 et
1197 1337 1319 1421 ubique
1347 1339 1472 1421 egregie

355 1455 491 1536 adhibet,
513 1458 550 1518 ut
573 1473 590 1518 e
609 1452 824 1537 Xenophonte
842 1454 912 1535 ipso
932 1451 1178 1536 Xenophontem
1199 1450 1352 1515 emendet.
1364 1450 1472 1533 Atque

356 1570 434 1633 haec
464 1587 530 1631 non
557 1569 603 1630 ita
626 1567 702 1646 dixi,
726 1567 819 1649 quasi
841 1585 968 1630 summo
990 1567 1060 1629 viro
1084 1584 1154 1630 meo
1178 1584 1258 1649 opus
1280 1569 1363 1628 esset
1385 1582 1473 1648 prae-

357 1684 467 1746 conio:
500 1682 573 1763 quis
605 1681 689 1744 enim
721 1677 860 1743 Cobetus
889 1680 938 1760 sit,
962 1698 1045 1762 quae
1068 1680 1137 1743 eius
1160 1679 1199 1742 de
1221 1678 1320 1743 literis
1345 1677 1473 1742 Graecis

358 1797 423 1860 sint
453 1795 574 1875 merita,
604 1792 643 1856 de
673 1811 710 1855 ea
740 1810 775 1856 re
802 1811 907 1876 neque
931 1792 1017 1877 apud
1040 1812 1107 1874 nos,
1130 1811 1234 1876 neque
1256 1811 1394 1876 usquam
1416 1791 1474 1855 uhi

357 1907 554 1971 liberaliores
577 1910 660 1969 artes
682 1907 716 1968 in
742 1906 861 1970 honore
884 1907 957 1987 sint,
980 1906 1047 1969 ulla
1066 1911 1114 1970 est
1133 1904 1305 1987 dubitatio,
1320 1905 1374 1969 sed
1388 1905 1475 1988 quod

359 2039 470 2084 vereor
504 2037 545 2082 ne
578 2017 706 2101 quando
737 2016 960 2101 Xenophontis
983 2019 1119 2082 editores
1142 2039 1160 2082 a
1183 2023 1269 2082 recta
1292 2019 1352 2099 via,
1376 2038 1473 2101 quam

358 2137 416 2198 vix
450 2132 579 2197 tandem
614 2136 732 2195 rectam
768 2150 837 2196 esse
868 2136 1076 2215 agnoverunt,
1106 2132 1281 2196 deflectant.
1308 2132 1475 2196 Interdum

360 2249 446 2312 enim
482 2247 617 2310 aliorum
648 2243 802 2307 librorum
834 2245 927 2309 nobis
957 2247 992 2308 in
1016 2265 1130 2310 manus
1154 2247 1288 2309 veniunt
1311 2247 1474 2329 editiones,

359 2362 466 2424 nescio
500 2378 564 2442 qua
586 2356 748 2421 recondita
771 2361 803 2420 et
825 2376 940 2421 arcana
964 2361 1119 2443 sapientia
1141 2361 1185 2423 ita
1208 2361 1392 2424 emendatae
1416 2361 1475 2424 sci-

358 2475 441 2555 licet,
473 2477 508 2536 ut
538 2472 732 2535 certissimae
761 2473 980 2554 correctiones,
1004 2474 1126 2537 dudum
1150 2480 1300 2559 repertae,
1325 2494 1475 2558 spernan-

359 2593 421 2668 tur,
444 2585 600 2649 absurdae
624 2585 768 2647 codicum
791 2583 942 2650 lectiones
966 2606 1030 2650 non
1053 2589 1261 2652 restituantur
1283 2588 1397 2671 solnm,
1420 2588 1476 2652 sed

362 2703 456 2765 etiam
493 2700 529 2780 si,
563 2698 595 2761 id
631 2697 717 2780 quod
751 2699 787 2760 in
817 2718 931 2781 magno
963 2701 1107 2765 codicum
1138 2721 1273 2766 numero
1296 2701 1365 2767 fieri
1389 2703 1476 2790 solet,

360 2815 442 2878 alius
466 2812 553 2876 aliud
576 2810 670 2875 habet
692 2812 817 2893 vitium,
842 2831 883 2876 ex
906 2813 1015 2877 multis
1039 2816 1126 2878 vitiis
1146 2835 1183 2879 ea
1202 2815 1358 2879 efficiatur
1374 2816 1477 2898 lectio,

360 2928 446 2992 unde
481 2927 587 2990 omnia
623 2929 697 2989 nata
731 2926 910 3006 videantur,
945 2933 1041 3010 atque
1076 2930 1110 2991 in
1142 2933 1266 2992 textum
1297 2932 1476 3014 recipiatur,

362 3061 558 3126 quamquam
591 3037 655 3103 οὔτε
690 3044 746 3116 γῆς
781 3037 845 3102 οὔτε
879 3041 994 3120 οὐρανοῦ
1017 3038 1154 3104 ἅπτεται.
1190 3043 1274 3127 Ergo
1309 3063 1349 3108 ne
1382 3064 1477 3128 quem

361 3175 505 3239 unquam
539 3154 691 3216 editorem
725 3155 892 3236 poeniteat,
929 3153 1085 3218 (lebetum
1120 3174 1189 3220 esse
1224 3162 1378 3240 secutum,
1411 3177 1476 3222 uno

361 3272 548 3352 argumento
579 3266 812 3348 demonstrabo,
843 3267 986 3332 Anahasi
1017 3270 1051 3331 in
1082 3271 1205 3353 ingenti
1235 3269 1386 3335 librorum
1412 3293 1477 3335 ma·

361 3382 598 3464 nuscriptorum
622 3380 713 3461 copia
736 3379 815 3441 nihil
839 3398 907 3444 esse
931 3382 1090 3465 praesidii,
1111 3381 1225 3446 Sardos
1245 3385 1328 3446 enim
1350 3385 1476 3449 venales

362 3515 416 3559 eos
440 3495 502 3557 dici
525 3512 626 3577 posse,
649 3491 747 3554 alium
772 3493 833 3556 alio
857 3496 1051 3577 nequiorem.
1073 3495 1186 3580 Neque
1205 3498 1418 3562 iniucundum
1431 3505 1478 3563 est

362 3609 396 3671 id
420 3608 506 3692 quod
534 3607 611 3670 mihi
634 3585 761 3668 videtur
784 3605 880 3671 huius
902 3609 949 3671 rei
973 3627 1042 3672 esse
1066 3619 1298 3693 argumentum,
1323 3612 1378 3675 sed
1402 3615 1478 3677 satis

363 3725 506 3786 iocosum
530 3721 744 3804 lapidumque.

407 3833 657 3899 Innumerabilia
679 3834 756 3896 vitia
779 3838 862 3914 sunt,
884 3835 1001 3917 quibus
1022 3839 1085 3900 iarn
1104 3845 1238 3922 purgata
1251 3841 1478 3924 estAnabasis,

365 3950 418 4013 sed
445 3969 526 4032 quae
550 3954 626 4012 sunt
648 3949 792 4011 omnium
813 3947 1018 4013 stolidissima
1038 3950 1339 4038 absurdissimaque,
1359 3975 1395 4018 ea
1413 3955 1479 4022 fere

364 4082 489 4147 semper
507 4065 541 4126 in
560 4065 600 4126 iis
621 4060 784 4125 codicibus
796 4064 1007 4145 reperiuntur,
1022 4067 1077 4148 qui
1091 4085 1109 4128 a
1121 4069 1231 4150 peritis
1245 4068 1357 4132 harum
1371 4089 1478 4133 rerum

364 4177 525 4241 iudicibus
559 4174 753 4258 „meliores”
777 4175 936 4259 dicuntur,
960 4179 1034 4242 dum
1064 4182 1282 4260 „deteriores”
1304 4184 1343 4248 ab
1366 4187 1479 4250 iisdem

263 4319 265 4322 ·
365 4290 490 4360 absunt.
516 4291 617 4360 Maior
640 4296 746 4362 autem
772 4308 882 4360 eorum
906 4312 979 4384 pars
1002 4313 1043 4358 ex
1066 4295 1213 4390 pluribus
1236 4300 1480 4383 paucioribusve
