3330 5262
747 639 811 702 345
935 673 938 678 ·

215 819 462 886 Atheniensium
484 826 622 905 quatuor
640 823 749 905 phylis
768 825 947 907 ceterisque
963 817 1155 888 aduersariis
1170 826 1347 890 vinountur

216 939 247 1001 et
275 934 439 1019 fugantur.
470 934 538 1019 Ipsi
567 934 715 1019 Spartani
745 953 821 999 vero
852 936 1100 1001 Atheniensium
1133 955 1193 1002 sex
1223 938 1347 1022 phylaS,

217 1067 356 1132 quarum
385 1048 469 1112 aoies
493 1048 602 1112 minus
624 1048 719 1132 longe
744 1049 965 1112 sinistrorsum
992 1068 1089 1131 quam
1114 1047 1346 1133 Spartanorum

216 1161 419 1226 dextrorsum
452 1155 598 1245 porrecta
621 1167 697 1245 erat,
721 1163 922 1226 circumdant
944 1163 1153 1247 vincuntque.
1176 1163 1352 1247 Spartano·

214 1292 290 1339 rum
308 1293 383 1359 ergo
404 1275 507 1339 sooios
526 1265 768 1358 persequuntur
785 1275 1035 1340 Atheniensium
1052 1275 1109 1358 illi,
1121 1277 1180 1360 qui
1193 1276 1346 1360 vicerant,

216 1406 394 1478 eorumque
417 1387 505 1470 sooii,
527 1387 590 1471 ipsi
613 1391 722 1452 autem
746 1386 895 1472 Spartani
914 1386 1033 1470 locum,
1052 1407 1149 1472 quom
1169 1389 1346 1454 Athenien·

216 1500 302 1565 sium
324 1519 384 1565 sex
405 1500 522 1584 phylae
545 1505 725 1582 tenuerant,
747 1504 913 1584 oooupant,
933 1501 989 1565 sed
1010 1495 1346 1567 dextrorsum'intleo·

215 1618 339 1697 tuntur,
369 1615 479 1698 itaque
511 1615 702 1697 consistunt,
726 1633 823 1698 quem
847 1613 1020 1679 admodum
1043 1614 1127 1680 infra
1150 1615 1346 1700 significabo,

217 1746 319 1813 eoque
341 1729 427 1794 versi
451 1746 515 1814 quo
540 1729 674 1814 sagittae
697 1726 803 1815 figura
824 1728 960 1793 indicat:

263 2758 447 2824 Redeuntes
482 2777 557 2842 ergo
592 2778 611 2822 a
643 2759 866 2842 persecutione
901 2758 1008 2822 hostes
1040 2777 1059 2820 a
1091 2757 1222 2822 dextero
1245 2758 1345 2822 latere

219 2873 349 2959 aggredi
384 2880 527 2956 possunt
563 2869 653 2947 Quae
687 2876 794 2935 autem
830 2870 987 2934 vocabula
1018 2871 1231 2954 explicatione
1254 2890 1347 2954 egere

218 2987 369 3052 videntur
392 2990 486 3050 sunt:
510 2982 560 3048 καὶ
582 2982 638 3056 τοὶς
661 2983 717 3062 μὲν
735 2981 881 3062 τέτταρας
900 2981 1003 3063 Φύλας
1021 2986 1079 3046 τῶν
1098 2983 1258 3056 Ἀθηναίων
1279 2982 1346 3064 πρὶν

218 3100 251 3165 ἐκ
281 3105 335 3172 τῆς
366 3094 487 3172 διώξεως
517 3097 748 3177 ἐπαναχωρῆσαι
778 3095 933 3176 παρῆλθον,
959 3115 1098 3180 quorum
1121 3093 1178 3167 τοὶς
1201 3094 1347 3177 τέτταρας

218 3211 322 3294 φύσιας
341 3212 487 3292 raptatos
505 3210 703 3295 significant:
724 3208 823 3275 ῑοονια
841 3209 897 3274 ubi
915 3213 1053 3290 quotuor
1065 3208 1184 3292 papan
1195 3213 1348 3275 steteram

218 3327 453 3412 praeterierant.
485 3324 634 3409 Spartani
661 3325 757 3408 enim,
780 3324 900 3409 fugatis
923 3326 980 3408 qui
1005 3325 1160 3390 adversus
1186 3329 1347 3409 steterant,

219 3457 343 3523 sueque
373 3439 440 3502 aoie
469 3437 599 3520 inflexa,
622 3439 730 3502 statim
756 3455 794 3502 eo
816 3455 931 3502 versus
956 3436 1148 3502 oontendere
1171 3442 1348 3521 coeperunt

220 3572 285 3637 quo
309 3553 442 3636 sagittae
464 3549 568 3634 ligura
591 3568 684 3614 versa
708 3554 764 3615 est

264 3664 368 3749 Caput
396 3663 456 3746 m,
487 3663 537 3726 11.
562 3661 674 3726 Clades
697 3683 716 3726 a
740 3661 906 3746 Spartanis
928 3664 963 3726 in
986 3662 1108 3746 proelio
1131 3662 1239 3731 navali
1261 3663 1348 3746 apud

220 3778 359 3844 Gnidum
388 3782 517 3862 aooopta
547 3778 594 3841 sio
623 3776 773 3860 Agesilao
804 3777 995 3840 nuntiatur:
1026 3768 1097 3838 εἶναι
1124 3773 1179 3851 μὲν
1202 3758 1260 3855 γαρ
1283 3773 1346 3855 τερὶ

221 3891 324 3957 Κνίδον
346 3891 395 3955 τὸν
418 3889 557 3954 ἐτίτλοων
579 3871 732 3962 αλλήλοις,
757 3885 954 3968 Φαρνάβαζον
977 3871 1018 3951 δὲΙ
1032 3885 1179 3972 ναύαρχον
1202 3884 1273 3951 ὄντα
1295 3886 1348 3950 σὺν

220 3985 303 4078 ταῖτ“
319 4003 483 4074 Φοινίσσαις
512 3996 593 4074 εἶναι,
622 3999 736 4065 Κόνωνα
760 4000 792 4064 δὲ
814 4001 847 4064 τὸ
871 4000 1042 4072 Ἑλληνικὸν
1065 3996 1176 4077 ἔχοντα
1200 3996 1348 4077 τετάχθαι

220 4117 377 4195 ἔμπροσθεν
408 4117 513 4180 αὐτοῦ.
545 4115 643 4180 Prius
672 4107 742 4177 εἶναι
772 4115 934 4178 sincerum
966 4113 1113 4177 videtur:
1144 4112 1240 4178 habet
1262 4115 1347 4178 enim

219 4231 381 4316 praeteriti
411 4229 562 4314 temporis
594 4226 868 4312 significationem,
898 4226 1036 4290 alterum
1058 4230 1166 4294 autern
1192 4226 1347 4310 displicet,

220 4348 252 4409 et
280 4346 408 4428 propter
436 4344 594 4426 ingratam
624 4341 855 4425 repetitionem,
885 4344 917 4404 et
941 4338 1017 4422 quia
1041 4357 1107 4403 non
1130 4342 1216 4403 reete
1239 4340 1269 4402 ei
1292 4357 1347 4423 op-
