3348 5262
330 770 395 832 iam
431 772 504 832 ante
537 783 588 830 me
620 783 690 829 esse
719 765 852 828 inventa
882 762 921 826 ab
945 763 1025 846 aliis,
1050 763 1173 828 etiamsi
1197 783 1256 848 ego
1279 766 1457 850 reticerem,

330 886 437 946 tamen
462 879 579 964 quiris,
602 883 638 942 ut
660 879 782 962 opinor,
804 877 984 961 intelligere
1006 882 1121 961 posset.

376 995 522 1058 Primum
555 1011 631 1076 ergo
662 996 898 1076 argumentum,
929 1010 971 1055 ex
1003 1010 1067 1075 quo
1099 996 1238 1076 apparet,
1268 992 1456 1076 Agesilaum

330 1128 394 1173 nou
420 1127 490 1173 esse
513 1109 669 1192 scriptum
694 1126 712 1170 a
734 1105 959 1190 Xenophonte,
979 1107 1038 1170 hoc
1059 1112 1116 1189 est,
1135 1107 1223 1190 quod
1242 1107 1342 1170 multo
1356 1108 1459 1170 maior

331 1222 429 1286 libelli
459 1241 532 1306 pars
563 1221 756 1286 verbotenus
779 1238 820 1283 ex
843 1218 1019 1284 Helleniois
1042 1219 1202 1304 descripta
1225 1225 1280 1284 est.
1303 1220 1372 1284 Iam
1397 1221 1458 1284 hoc

328 1356 443 1421 parum
476 1334 648 1400 verisimile
679 1339 736 1416 est,
768 1333 887 1397 bonum
919 1335 1107 1417 scriptorem
1136 1333 1249 1398 iisdem
1275 1333 1382 1398 verbis
1406 1334 1457 1398 bis

329 1449 461 1513 eandem
493 1467 560 1512 rem
584 1465 747 1525 narrasse;
772 1447 828 1511 sed
852 1446 974 1511 accedit
1000 1446 1133 1530 aliquid,
1159 1447 1246 1531 qued
1269 1447 1366 1530 paulo
1390 1466 1459 1512 cer-

330 1564 395 1626 tius
425 1561 553 1643 indicet,
583 1563 681 1625 istum
716 1580 791 1624 cum
823 1559 999 1624 Hellenicis
1027 1578 1222 1624 consensum
1243 1560 1319 1624 inde
1343 1566 1459 1626 natum

331 1697 396 1742 non
427 1696 505 1760 esse,
537 1677 622 1760 quod
646 1675 730 1740 idem
758 1677 815 1760 qui
838 1675 1005 1740 Hellenica
1028 1676 1123 1740 etiam
1146 1675 1333 1758 Agesilaum
1358 1677 1459 1759 scrip-

331 1790 416 1871 serit,
447 1789 503 1853 sed
535 1788 619 1872 quod
652 1788 794 1871 sophista
828 1787 968 1871 quidam,
997 1787 1254 1872 aXenophonte
1277 1788 1459 1852 diversissi-

330 1921 414 1983 mus,
437 1901 489 1966 vel
511 1903 619 1985 potius
641 1900 826 1966 adolescens
849 1900 980 1984 quidam
1001 1902 1037 1963 in
1057 1900 1165 1965 schola
1184 1900 1334 1965 Isocratis
1353 1901 1459 1966 rheto-

330 2017 428 2079 ricam
451 2015 586 2097 discens,
605 2016 772 2098 ingenium
785 2014 1028 2097 doctrinamque
1041 2034 1133 2078 suam
1147 2020 1306 2080 ostentare
1320 2017 1460 2081 voluerit

332 2147 373 2193 ex
394 2129 569 2194 Hellenicis
591 2148 686 2212 quam
707 2128 884 2212 plurimum
904 2129 937 2191 in
958 2127 1101 2211 Agesilai
1120 2128 1246 2192 laudem
1261 2128 1458 2193 corradendo
1530 2181 1534 2188 .

331 2242 605 2326 compilandeqne.
638 2241 738 2324 Saepe
767 2241 852 2305 enim
877 2241 910 2303 in
933 2242 1084 2324 Agesilao
1108 2240 1377 2324 deprehendimus
1400 2242 1459 2305 ali-

331 2376 427 2441 quem
449 2357 556 2420 lecum
579 2356 756 2440 longiorem
781 2375 822 2420 ex
846 2354 1021 2420 Hellenicis
1045 2356 1261 2440 desumptum,
1280 2357 1336 2421 sed
1355 2359 1400 2420 ita
1421 2362 1459 2422 ut

331 2489 434 2553 pauca
465 2469 620 2553 quaedam
649 2469 700 2533 vel
724 2471 922 2550 omittantur,
945 2469 997 2534 vel
1020 2469 1134 2534 leviter
1155 2471 1376 2535 immutentur.
1400 2471 1460 2535 Vi-

332 2582 422 2647 debis
447 2587 552 2646 autem
578 2601 595 2647 e
618 2582 687 2646 loco
713 2582 834 2665 aliquot
855 2584 1033 2647 sectionum
1054 2587 1176 2667 partem
1197 2585 1348 2648 sectionis
1360 2585 1458 2650 omis·

332 2716 399 2760 sam
420 2714 498 2777 esse,
519 2697 636 2779 quain
656 2695 834 2760 Hellenicis
854 2696 977 2780 aliquid
996 2696 1140 2779 traditur,
1161 2698 1248 2782 qued
1261 2699 1301 2762 ad
1314 2700 1458 2783 Agesilai

331 2809 459 2872 laudem
491 2828 623 2892 prorsus
654 2829 720 2872 non
746 2811 918 2893 pertineat,
943 2809 995 2873 vel
1017 2808 1062 2872 ibi
1085 2809 1175 2874 verbi
1199 2812 1368 2876 cuiusdam
1392 2811 1457 2876 lor-

332 2943 417 3004 mam
441 2942 511 2987 esse
535 2928 698 3006 mutatam,
721 2923 778 2988 ubi
800 2925 834 2987 in
857 2923 1033 2988 Hellenicis
1053 2925 1191 3009 insignis
1211 2927 1366 3009 quaedam
1389 2947 1458 2992 om-

331 3038 422 3100 nium
454 3035 682 3121 Spartanorum
710 3039 813 3101 virtus
837 3038 981 3121 traditur,
1005 3059 1102 3123 quam
1126 3040 1267 3123 sophista
1290 3047 1399 3106 noster
1422 3044 1456 3106 in

332 3152 430 3214 unius
464 3151 607 3234 Agesilai
641 3150 769 3216 laudem
805 3153 1005 3235 converterit,
1041 3153 1091 3217 vel
1127 3153 1185 3217 ubi
1214 3153 1456 3220 Hellenicorum

331 3269 443 3327 auctor
477 3264 637 3347 praeclare
670 3263 872 3346 Lysandrum
905 3285 972 3330 rem
1004 3269 1143 3350 gessisse
1174 3274 1290 3351 narrat,
1314 3269 1459 3353 Agesilai

331 3396 407 3441 vero
442 3377 588 3442 laudator
623 3380 774 3443 victoriae
805 3380 959 3443 honorem
988 3379 1069 3464 Regi
1100 3381 1255 3446 tribuerit.
1287 3380 1389 3448 Locos
1412 3385 1459 3447 ita

332 3491 467 3555 omissos
491 3510 593 3574 eoque
617 3493 749 3556 consilio
773 3498 911 3558 mutatos
931 3500 1077 3558 accurate
1098 3514 1209 3560 omnes
1229 3496 1356 3580 collegit
1375 3496 1457 3561 Her-

332 3624 470 3669 mannus
504 3605 618 3689 Hagen
649 3608 682 3671 in
716 3608 857 3672 secundo
888 3609 990 3693 capite
1019 3610 1200 3693 praeclarae
1224 3611 1457 3676 dissertationis

335 3719 401 3799 „de
432 3718 657 3802 Xenophontis
688 3722 744 3803 qui
772 3721 875 3785 fertur
901 3722 1081 3805 Agesilae’',
1104 3723 1229 3788 Bernae
1259 3745 1344 3790 anno
1369 3726 1455 3789 1865

332 3833 441 3896 editae.
474 3832 642 3897 Praeterea
672 3836 797 3918 egregie
828 3836 1066 3919 prudenterque
1089 3837 1199 3901 eodem
1225 3840 1328 3922 capite
1351 3839 1457 3923 Hage

332 3965 394 4009 nus
418 3945 622 4028 demonstrat,
646 3966 739 4031 saepe
762 3952 890 4032 propter
913 3968 1014 4012 unum
1038 3949 1146 4014 locum
1173 3956 1332 4016 mutatum
1356 3954 1456 4018 alium

330 4057 480 4142 pluresve
503 4059 673 4124 mutandos
696 4060 804 4124 fuisse.

376 4169 469 4246 Quod
500 4177 616 4255 autem,
647 4178 683 4237 ut
714 4174 774 4238 hoc
797 4175 936 4259 exempli
959 4194 1055 4240 causa
1078 4178 1203 4261 addam,
1227 4199 1323 4245 verus
1345 4181 1458 4246 Xeno·

331 4283 417 4368 phon
453 4285 491 4348 de
528 4284 609 4349 bello
646 4286 685 4351 ab
719 4287 870 4372 Agesilao
907 4288 1041 4353 exulum
1076 4310 1174 4355 causa
1206 4311 1281 4358 cum
1304 4295 1457 4364 Phliasiis
