3352 5260
735 633 798 699 125

213 824 309 888 simul
331 821 545 907 spectabimus
568 840 606 885 ea
629 841 711 906 quae
733 821 863 886 19-23
884 823 1051 908 leguntur.
1068 823 1133 888 Hic
1151 825 1341 891 enimlccus

215 956 279 1020 quo
310 936 404 1000 modo
435 955 509 999 oum
532 954 570 1000 ea
592 937 750 1000 sententia
773 934 815 1017 §i
840 936 881 999 18
905 937 1080 1019 cohaereat,
1105 957 1187 1021 quae
1210 937 1249 1002 ab
1273 931 1342 1002 οἶδον

215 1046 246 1112 δὲ
273 1047 393 1112 κθκείνω
416 1049 538 1132 incipit,
559 1050 767 1133 perspicuum
791 1054 856 1112 est:
880 1049 956 1114 inde
979 1049 1019 1113 ab
1042 1051 1083 1114 iis
1105 1050 1213 1115 verbis
1238 1070 1343 1135 usque

216 1163 255 1226 ad
286 1163 316 1244 (ᾗ
340 1163 393 1244 23)
417 1153 497 1232 οὗθνς
519 1160 672 1224 servavero
695 1162 755 1225 hoc
780 1162 1029 1227 demonstratur:
1067 1162 1208 1245 „Critias
1231 1169 1263 1228 et
1285 1164 1342 1227 Al·

215 1275 354 1340 cibiades
385 1275 540 1360 quamdiu
563 1274 702 1338 Socratis
724 1275 941 1340 familiaritate
966 1276 1140 1341 utebantur
1162 1282 1342 1360 temperan-

214 1393 263 1453 tes
298 1394 397 1470 erant,
430 1408 496 1452 non
529 1407 649 1472 poenae
681 1393 780 1471 metu,
804 1389 859 1453 red
884 1391 961 1473 quia
982 1390 1039 1453 illo
1062 1391 1175 1455 saltem
1197 1395 1342 1474 tempore

214 1502 277 1586 ipsi
307 1501 478 1566 credebant
507 1503 553 1565 ita
583 1501 759 1565 vivendum
783 1520 861 1566 esse.
885 1501 1012 1567 Dixerit
1035 1505 1211 1588 quispiam:
1235 1505 1342 1569 iustus

215 1634 280 1679 non
303 1619 408 1700 potest
429 1616 570 1679 iniustus
592 1614 671 1697 fieri,
690 1620 823 1698 atquae
842 1616 940 1680 semel
959 1616 1078 1700 aliquis
1098 1617 1217 1700 didicit,
1230 1636 1339 1682 eorum

215 1748 281 1792 non
311 1727 348 1792 fit
375 1730 550 1792 immemor.
573 1725 784 1811 Respondeo:
810 1728 1081 1811 quemadmodum
1104 1748 1220 1813 corpus
1243 1731 1342 1794 inter-

215 1845 314 1907 missa
337 1843 562 1907 exercitatione
585 1844 670 1906 vires
694 1862 771 1907 suas
796 1844 921 1926 amittit,
944 1863 1050 1928 neque
1074 1863 1120 1927 ea,
1143 1863 1226 1928 quae
1249 1848 1342 1908 antea

216 1957 335 2037 didicit,
365 1955 515 2040 perficere
547 1961 660 2040 potest,
682 1959 727 2021 ita
751 1961 783 2021 et
805 1976 905 2040 mens,
928 1959 954 2022 si
978 1957 1191 2042 perlongum
1215 1962 1342 2042 tempus

216 2090 280 2133 non
314 2073 481 2134 exercetur
514 2071 570 2132 τῶν
608 2068 821 2132 διδασκαλικῶν
857 2075 889 2134 et
919 2070 1080 2133 νουθετικῶν
1103 2066 1198 2146 λόγων
1221 2072 1342 2134 sensim

217 2183 425 2265 obliviscitur,
458 2202 597 2267 cumque
626 2185 667 2248 iis
697 2185 792 2248 etiam
823 2185 925 2267 ipsius
956 2182 1140 2264 σωφροσύνης
1172 2186 1338 2249 scientiam

217 2299 336 2362 sensim
355 2299 478 2362 amittit.
499 2296 591 2374 Quod
612 2317 687 2382 ergo
709 2297 823 2362 Critias
844 2302 875 2362 et
894 2297 1075 2362 Alcibiades
1094 2303 1204 2381 postea
1221 2294 1340 2373 νίκρονσον

216 2411 347 2475 fuerunt
376 2416 564 2495 argumento
594 2430 659 2474 non
690 2430 760 2476 esse
782 2415 896 2495 potest,
919 2430 972 2476 eos
995 2431 1165 2496 nunquam
1187 2409 1339 2490 σθφρονοιο

215 2523 332 2603 fuisse;
367 2525 476 2607 itaque
506 2523 586 2587 nihil
618 2523 730 2605 obstat,
760 2526 935 2608 quominus
959 2524 1036 2587 olim
1060 2520 1282 2594 διδωσκονλοκοθς
1308 2529 1340 2588 et

217 2633 388 2707 νονθεσοκοθς
423 2633 528 2714 λόγους
562 2635 759 2701 didicerint’'.
794 2636 969 2714 Videamus
1001 2656 1090 2701 nunc
1121 2637 1228 2719 verba,
1259 2657 1342 2721 quae

216 2752 411 2836 praecedunt
439 2749 557 2823 σοίννως
587 2748 620 2814 δέ
652 2751 717 2834 (17)
741 2789 783 2798 --
805 2748 982 2830 ἀνθρωπίνων
1006 2752 1087 2833 (l8tz
1112 2753 1220 2815 statim
1244 2771 1340 2834 appa·

216 2865 300 2930 rabit
333 2884 370 2929 ea
403 2869 471 2929 tum
503 2865 642 2949 denique
673 2883 748 2928 oum
778 2865 926 2948 sequenti
956 2864 1231 2947 argumentatione
1255 2868 1341 2927 recte

216 2980 308 3063 iungi
338 2997 440 3063 posse,
463 2980 491 3043 si
516 2978 605 3042 illam
628 2979 731 3064 ipsam
754 2978 945 3042 sententiam
969 2977 1162 3058 contineant,
1186 2994 1250 3060 quo
1275 2980 1340 3039 tota

217 3094 320 3157 tendit
350 3093 592 3177 argumentatiO,
622 3095 723 3175 eaque
754 3090 986 3174 respondeatur
1007 3090 1047 3153 ad
1070 3087 1114 3170 §i
1139 3089 1179 3151 17
1203 3089 1343 3170 initium,

218 3207 275 3272 ubi
310 3208 511 3272 adversarius
547 3207 639 3270 dicit:
675 3201 717 3274 ὅτι
747 3209 823 3284 χρῆν
856 3242 897 3249 -
928 3206 1088 3282 σωφρονεῖν.
1120 3201 1236 3286 Neque
1259 3220 1341 3285 nego

216 3321 304 3385 illam
328 3322 519 3385 sententiam
542 3319 649 3404 aliquo
673 3319 768 3383 modo
793 3337 810 3382 e
833 3317 940 3382 verbis
964 3313 1082 3388 πνίνσως
1103 3353 1145 3362 -
1164 3312 1341 3393 ἀνθρωπίνων

218 3436 402 3519 extorqueri
424 3452 525 3518 posse.
548 3431 610 3497 Sed
634 3434 707 3517 quis
730 3432 838 3496 credat
860 3430 1118 3514 Xenophontem,
1140 3431 1244 3492 virum
1265 3429 1341 3492 sori·

219 3549 314 3612 dendi
344 3549 583 3632 peritissimum,
613 3566 714 3631 quum
743 3545 912 3609 dicendum
938 3549 1038 3609 esset:
1067 3541 1208 3624 „Critias
1232 3545 1263 3605 et
1284 3541 1342 3604 Al-

219 3661 366 3743 cibiades,
389 3661 545 3746 quamdiu
568 3659 706 3724 Socratis
728 3658 942 3722 familiaritate
963 3656 1145 3737 utebantur,
1165 3660 1341 3737 temperan-

218 3778 267 3840 tes
301 3779 407 3838 erant:
444 3775 501 3857 qui
534 3777 641 3837 autem
676 3771 811 3836 iuvenes
845 3770 886 3834 ad
920 3771 1072 3833 virtutem
1109 3768 1241 3848 ducunt,
1275 3785 1340 3829 non

220 3888 325 3952 solum
347 3887 504 3971 exemplo,
527 3886 583 3950 sed
606 3886 700 3949 etiam
720 3885 896 3968 praeceptis
916 3902 971 3947 eos
992 3882 1125 3961 dooent;
1144 3899 1218 3962 ergo
1230 3876 1341 3942 Socra·

219 4005 266 4066 tes
290 4019 420 4085 quoque
443 3998 600 4064 eiusmodi
622 4003 788 4082 praecepta
811 3995 928 4060 Critiae
950 4000 982 4059 et
1001 3993 1160 4058 Alcibiadi
1180 3989 1342 4074 tradidit”,

218 4116 300 4180 illud
328 4121 395 4180 tam
424 4132 572 4198 perverse
601 4110 808 4176 enuntiasse?
838 4109 912 4174 Non
936 4111 1022 4174 enim
1047 4107 1126 4191 quid
1150 4105 1227 4168 velit
1247 4103 1341 4167 intel-

217 4231 275 4314 ligi
304 4234 416 4313 potest,
445 4229 508 4291 nisi
538 4228 573 4289 in
601 4225 736 4309 legendo
767 4245 785 4288 a
814 4223 879 4287 fine
910 4224 1040 4287 initium
1065 4221 1230 4284 iaciamus.
1253 4216 1339 4302 Ergo

217 4344 333 4427 locum,
367 4344 424 4428 qui
457 4347 506 4406 est
540 4360 559 4404 a
593 4339 676 4421 §17
713 4357 817 4421 usque
852 4339 891 4402 ad
923 4338 974 4420 23,
1007 4337 1052 4400 ita
1083 4331 1339 4417 aXenophonte
