3348 5262
738 651 802 720 299

205 845 391 924 statuerant,
422 843 450 906 si
481 841 601 926 proelio
634 842 740 906 navali
764 844 925 926 vicissent,
953 845 1104 907 onmium
1129 847 1330 928 captivorum

207 954 376 1019 dexterum
400 954 550 1038 pollicem
575 953 747 1019 abscidere.
766 955 924 1020 Narratur
941 962 1103 1040 praeterea
1123 977 1186 1041 eos,
1207 957 1333 1022 duabus

206 1068 345 1132 navibus
369 1070 480 1152 captis,
500 1069 599 1133 altera
618 1067 873 1153 Corinthiorum,
886 1071 984 1134 altera
995 1071 1206 1154 Andriorum,
1222 1091 1333 1136 omnes

207 1181 349 1263 captivos
385 1181 424 1244 de
459 1201 538 1245 saxo
575 1181 735 1246 deiecisse.
772 1189 917 1256 Φιλοκλής
952 1183 978 1246 δ’
1015 1177 1049 1256 ήν
1081 1183 1247 1264 στρατηγὸς
1276 1187 1333 1246 τῶν

206 1291 365 1366 Ἀθηναίων
389 1292 418 1365 ὃς
442 1293 559 1366 τούτους
584 1292 730 1375 διέφθειρε.
757 1295 929 1361 Decretum
954 1295 1000 1380 fit,
1025 1297 1063 1361 de
1088 1296 1241 1360 omnibus
1261 1316 1333 1382 cup-

206 1408 291 1490 tivis,
323 1414 482 1492 quotquot
508 1409 723 1473 Athenienses
747 1414 862 1492 essent,
886 1411 1081 1493 supplicium
1107 1411 1240 1494 capitale
1263 1429 1334 1475 esse

208 1520 406 1585 sumendum
443 1527 575 1604 excepto
609 1522 797 1605 Adimanto,
833 1523 921 1606 quod
951 1525 1112 1588 restiterat
1144 1523 1270 1587 decreto
1294 1523 1334 1588 de

206 1633 378 1718 polhoibus
402 1633 613 1700 abscidendis.
636 1635 719 1698 Tum
744 1637 789 1699 ita
813 1637 917 1720 pergit
939 1635 1140 1720 Xenophon:
1165 1633 1333 1715 Λύσανδρος

207 1746 239 1811 δὲ
271 1745 417 1811 Φιλοκλέα
447 1752 556 1828 πρῶτον
586 1749 742 1828 ἐρωτήσας,
774 1746 804 1821 ὃς
833 1749 900 1821 τοὺς
933 1748 1078 1830 Ἀνδρίους
1102 1747 1154 1812 καί
1180 1748 1334 1828 Κορινθίους

114 1917 117 1924 .
207 1861 429 1941 κατεκρήμνισε,
453 1860 484 1926 τί
512 1859 553 1936 είή
578 1859 658 1936 ι’ίξιος
679 1863 783 1927 ποθεῖν
806 1859 970 1944 οίρξοίριενος
994 1864 1033 1936 είς
1058 1859 1212 1937 Ἕλληνας
1236 1886 1333 1945 ταρα-

208 1981 315 2053 νομείν,
346 1971 518 2056 νίτέσφαξε.
548 1976 651 2040 Paulo
675 1977 853 2061 longiorem
878 1977 986 2040 locum
1013 1976 1115 2060 attuli,
1140 1995 1204 2061 quo
1230 1977 1333 2059 magis

209 2092 382 2171 appareret,
417 2108 483 2152 non
516 2087 725 2172 Xenophonti
756 2108 869 2153 verum
903 2089 1038 2154 molesto
1069 2089 1198 2152 cuidam
1223 2089 1334 2152 lectori

210 2201 318 2267 deberi
341 2202 439 2267 verba
461 2199 490 2274 ὃς
514 2201 580 2274 τοὺς
603 2201 749 2283 Ἀνδρίους
768 2199 820 2265 καί
841 2199 995 2281 Κορινθίους
1014 2202 1236 2282 κατεκρήμνισε,
1250 2221 1333 2286 quae

208 2335 275 2380 non
310 2316 416 2380 solum
452 2317 532 2399 looo,
562 2316 619 2380 ubi
641 2318 744 2400 posita
773 2320 859 2398 suut,
882 2317 1040 2399 originem
1065 2335 1157 2378 suam
1184 2316 1333 2399 produnt,

208 2429 265 2494 sed
295 2428 399 2492 multo
432 2431 535 2513 magis
558 2431 653 2493 etiam
686 2433 816 2512 propter
838 2429 942 2511 ipsius
964 2428 1157 2512 narrationis
1181 2432 1330 2491 naturam

208 2543 285 2607 ferri
307 2562 373 2607 non
397 2548 541 2626 possunt.
561 2541 713 2606 Philoclis
733 2544 819 2606 enim
842 2561 1033 2625 responsum
1054 2540 1144 2604 ferox
1157 2544 1187 2605 et
1201 2561 1333 2625 magna-

208 2657 348 2738 nimum,
372 2656 458 2739 quod
482 2655 568 2739 apud
590 2655 803 2718 Plutarchum
827 2655 969 2737 legimus
994 2653 1080 2735 (Lys.
1107 2654 1175 2734 let:
1200 2650 1334 2717 ἐκέλευσε

208 2767 251 2844 μή
282 2774 457 2848 κατηγορεῖν
472 2787 473 2790 ’
487 2762 523 2830 ὧν
555 2766 644 2839 οὐδείς
675 2769 737 2831 ἐστι
768 2765 911 2838 δικαστής
942 2765 1027 2829 οὶλλθι
1050 2769 1172 2829 νικῶντα
1195 2764 1332 2845 τροίττειν

208 2880 281 2962 ίίτερ
305 2879 341 2945 θον
365 2880 487 2954 νικνθείς
509 2879 662 2966 ἔπασχε),
686 2883 739 2944 hio
763 2882 931 2962 omittitur,
956 2880 1130 2963 sive'quod
1151 2878 1334 2962 Xenophon

210 2997 297 3059 huno
327 3014 457 3078 quoque
481 2995 590 3058 locum
617 2999 727 3078 postea
749 2994 857 3058 fusius
881 3011 1028 3057 enarrare
1052 2993 1243 3074 decreverat,
1266 2993 1335 3071 sive

209 3111 296 3193 quod
330 3128 442 3173 revera
474 3107 640 3190 Lysander
674 3107 718 3189 (id
753 3106 841 3191 quod
874 3108 954 3168 mihi
987 3107 1091 3169 multo
1127 3105 1333 3170 verisimilius

207 3221 345 3301 videtur)
384 3220 537 3284 Philoclis
573 3239 764 3303 responsum
799 3239 865 3283 non
900 3220 1105 3303 exspectavit.
1140 3217 1332 3282 Laconicam

209 3354 284 3419 ergo
308 3334 508 3416 brevitatem,
532 3353 596 3416 qua
617 3334 652 3394 iu
674 3332 796 3415 agendo
822 3352 903 3396 usus
927 3337 976 3396 est
999 3330 1175 3413 Lysander,
1197 3333 1232 3394 iu
1256 3334 1334 3394 scri-

208 3448 312 3513 bendo
342 3447 523 3530 Xenophon
556 3452 604 3510 est
627 3447 782 3527 imitatus,
805 3464 912 3530 neque
935 3444 1088 3509 credibile
1111 3450 1159 3508 est
1183 3464 1258 3508 eum
1283 3445 1334 3508 bis
1375 3455 1377 3459 '

173 3626 175 3628 ,
208 3562 344 3627 eandem
369 3580 438 3624 rem
464 3559 656 3624 brevissimo
680 3559 849 3622 intervallo
869 3560 1024 3642 posuisse.
1045 3557 1101 3622 Sin
1114 3576 1189 3622 vero
1202 3577 1334 3621 oensen-

207 3675 268 3738 dus
300 3679 347 3738 est
378 3672 560 3756 Xenophon
590 3672 644 3735 hio
676 3691 806 3755 quoque
829 3678 953 3755 partem
979 3670 1207 3735 tantummodo
1232 3671 1334 3734 literis

208 3789 388 3869 mandasse,
410 3790 514 3850 cetera
537 3791 647 3869 postea
671 3785 852 3867 additurus,
878 3787 981 3868 magis
1001 3786 1099 3848 etiam
1122 3783 1332 3848 manifestum

208 3907 355 3966 osteum
380 3900 418 3964 ab
441 3899 613 3963 inutilibus
637 3904 668 3963 et
690 3897 837 3962 infacetis
861 3897 1106 3980 repetitionibus
1130 3895 1333 3960 abstinuisse.

254 4014 289 4079 O.
321 4015 362 4098 H,
388 4017 416 4078 3.
445 4013 541 4078 Modo
564 4012 663 4077 verba
687 4012 855 4096 quaedam,
879 4031 961 4095 quae
983 4031 1072 4074 nuno
1094 4013 1129 4074 in
1152 4010 1335 4074 Hellenioo-

208 4149 282 4193 rum
327 4127 521 4193 editionibus
562 4129 725 4211 leguntur,
768 4125 976 4209 Xenophonti
1016 4124 1229 4188 abiudioauda
1265 4142 1335 4187 esse

208 4242 427 4307 demonstrare
462 4243 597 4303 conatus
632 4259 716 4302 sum.
748 4238 808 4302 Illa
839 4244 950 4302 tamen
981 4235 1142 4300 eiusmodi
1175 4241 1275 4317 erant,
1299 4241 1334 4300 ut

209 4355 355 4438 scriptori
386 4371 452 4416 non
484 4370 679 4434 magnopere
703 4355 863 4435 nocerent,
890 4350 945 4415 sed
970 4345 1119 4413 nolebam
1144 4367 1181 4413 ea
1206 4348 1333 4412 silentio
