3348 5262
754 601 817 666 199

214 790 318 873 Rogat
348 786 510 850 Socrates:
541 786 641 850 οὐκοῦν
672 785 722 848 κοοὶ
754 785 770 858 ἦ
801 784 874 864 γυνή
899 808 942 849 σοι
964 784 1079 849 συνέθυε
1101 783 1152 849 not
1175 783 1338 864 συνηύχετο

214 902 256 965 τὰ
278 898 359 964 αὐτοὶ
381 903 499 973 σκῦτος
521 897 705 982 Respondet
727 899 972 962 Ischomachus:
997 895 1049 960 κιιὶ
1074 894 1164 974 μέλοι
1182 920 1220 974 γε
1239 895 1339 960 πολλὰ

217 1012 406 1092 ὑποσχομένη
438 1015 493 1089 μὲν
523 1012 591 1092 πρὸς
620 1010 688 1083 τοὺς
712 1011 789 1084 θεοὺς
811 1010 946 1089 γενέσέοιι
969 1007 1029 1074 οἵοιν
1052 1011 1106 1074 δεῖ.
1129 1010 1244 1094 Neque
1266 1029 1338 1095 pro-

216 1128 363 1192 mittendi
393 1126 527 1191 verbum
558 1145 631 1189 oum
663 1125 822 1189 infinitivo
849 1126 959 1189 coristi
981 1126 1073 1210 iungi
1095 1129 1208 1210 potest,
1232 1141 1339 1207 neque

216 1240 422 1319 ὑπισχνεῖσθαι
444 1241 521 1323 poni
543 1258 600 1322 pro
626 1235 773 1316 εὔχεσθαι.
802 1237 803 1240 ’

259 1354 331 1431 VII,
357 1355 406 1417 lo.
433 1351 522 1434 „Die
545 1351 644 1416 mihi'’
668 1351 814 1416 Socrates
837 1354 944 1435 inquit
970 1372 1063 1436 „quo
1086 1352 1181 1416 modo
1201 1370 1336 1416 uxorem

217 1472 303 1532 tuam
341 1467 453 1532 dooere
488 1465 659 1549 coeperis''.
688 1465 872 1549 Respondet
899 1466 971 1530 ille:
1002 1464 1033 1529 ri
1060 1464 1101 1537 te,
1129 1458 1150 1527 5
1174 1464 1337 1544 Σώκριιπες,

216 1577 281 1644 ἐπεὶ
315 1577 369 1652 ἤδη
403 1602 451 1656 μοι
482 1578 630 1658 χειροήθης
661 1572 713 1651 ἦν.
815 1576 922 1658 ἠρέμην
945 1578 1038 1652 αὐτήν
1061 1577 1121 1642 κτέ.
1147 1578 1338 1664 Suspectum

214 1694 346 1758 ‘videtur
368 1690 399 1756 σι’
420 1691 452 1755 δὲ
474 1693 520 1756 sio
543 1692 629 1756 nude
652 1693 809 1776 positum:
834 1693 975 1776 rogantis
994 1692 1028 1755 id
1048 1697 1105 1775 est,
1125 1711 1189 1755 non
1210 1711 1340 1778 respon·
1438 1686 1443 1692 ’

218 1807 330 1870 dentis.
361 1805 573 1870 Inserendum
606 1805 731 1868 videtur
760 1804 785 1867 εἰ
812 1803 855 1882 μή
880 1803 1048 1877 anteiret,
1073 1809 1109 1868 ut
1132 1806 1185 1869 hic
1209 1824 1340 1889 quoque

216 1918 430 2003 respondendi
459 1921 597 2002 ponatur
624 1917 771 2001 formula,
795 1939 859 2002 qne
888 1918 1131 1982 Ischomachum
1156 1922 1221 1984 tam
1246 1937 1340 2004 saepe

219 2034 268 2096 uti
289 2052 388 2116 supra
410 2033 530 2096 monui.

261 2145 334 2229 VII,
358 2147 409 2208 30.
436 2144 572 2226 „Deus”
596 2145 823 2209 Ischomachus
846 2146 890 2210 ait
912 2147 1050 2226 „statuit
1070 2145 1149 2229 quid
1167 2147 1247 2230 viro,
1261 2145 1341 2232 quid

218 2260 346 2324 mulieri
376 2259 556 2323 faciendum
580 2261 638 2323 sit:
663 2256 715 2323 κοοὶ
739 2257 822 2322 nand
845 2255 876 2322 δέ
899 2252 969 2322 εἶνοιι
992 2257 1005 2322 5
1029 2257 1114 2336 νόμος
1138 2257 1340 2326 ἀποδείκνυσιν

217 2369 238 2436 ἃ
268 2371 282 2434 5
313 2372 372 2444 θεὸς
398 2370 507 2450 ἔφυσεν
530 2369 660 2451 έκιέτερον
685 2374 802 2448 μᾶλλον
825 2370 972 2435 δύνκσέοιι.
998 2374 1084 2437 Ante
1107 2371 1121 2435 5
1144 2370 1230 2449 νέμος
1254 2374 1340 2438 exci-

218 2484 303 2548 disse
327 2483 421 2548 oredo
444 2482 584 2563 ἑκκτέρῳε
610 2486 664 2548 oui
687 2486 775 2568 operi
796 2484 941 2549 faciendo
962 2486 1068 2549 virum
1087 2487 1241 2569 aptiorem
1260 2487 1340 2550 deus

218 2597 301 2681 fecit,
324 2598 406 2662 illud
428 2598 482 2662 lex
505 2603 536 2664 et
559 2599 757 2662 consuetudo
780 2599 948 2663 hominum
972 2601 1078 2664 virum
1103 2602 1204 2684 magis
1229 2600 1340 2668 decere

219 2713 368 2794 decrevit,
390 2716 486 2795 atque
510 2712 549 2775 de
571 2712 707 2777 muliere
728 2712 813 2778 idem
837 2714 956 2776 statuit

262 2824 336 2907 VII,
371 2825 420 2887 31.
456 2823 479 2886 εἰ
513 2822 544 2887 δέ
575 2846 618 2896 τις
650 2822 719 2904 περ’
747 2820 769 2889 ἃ
799 2823 812 2888 5
836 2825 895 2897 θεὸς
921 2822 1014 2906 ἔφυσε
1036 2831 1120 2904 ποιεῖ,
1145 2823 1212 2898 ἴσοις
1236 2850 1264 2892 τι
1287 2826 1339 2890 κοιὶ

220 2934 359 3000 ἀπευκτῶν
388 2935 455 3007 τοὺς
485 2934 563 3008 θεοὺς
589 2938 619 3000 οὐ
643 2935 722 3010 λήθει
744 2937 803 3001 κτὲ.
831 2937 1026 3022 corruptum
1050 2957 1120 3002 esse
1145 2935 1211 3010 ἴσως
1235 2962 1264 3002 τι
1286 2937 1340 3004 unt

219 3048 357 3114 ἀπκκπῶν
381 3070 474 3114 nemo
498 3057 546 3114 est
570 3052 647 3134 quin
673 3050 1340 3136 vident.Reqni1ituraliquidquodrecte

219 3165 337 3247 opponi
359 3165 460 3246 possit
482 3162 589 3228 verbis
612 3162 679 3234 τοὺς
702 3161 779 3234 θεοὺς
802 3163 832 3227 οὑ
856 3162 942 3236 λήνει.

216 3327 219 3330 .
263 3276 336 3354 VII,
362 3279 411 3339 35.
438 3276 505 3357 „Te
528 3277 613 3340 domi
636 3276 786 3341 manere’'
805 3277 846 3340 ad
866 3297 1002 3342 uxorem
1022 3277 1099 3342 dicit
1110 3278 1339 3344 Ischomachus

224 3389 415 3472 „oportebit
445 3387 497 3452 κοιὶ
528 3383 567 3461 οἷς
590 3386 645 3466 μὲν
667 3389 703 3452 ἂν
726 3385 780 3463 ἔξω
801 3390 836 3454 τὸ
861 3388 940 3469 ἔργον
964 3387 981 3470 ᾖ
1005 3394 1061 3454 τῶν
1085 3391 1198 3455 οἰκετῶν
1221 3391 1339 3465 τούτους

218 3502 431 3580 συνεκπέμπειν
453 3501 546 3565 κτὲ.”.
572 3501 791 3586 Compositum
815 3500 1029 3579 συνεκπέμπειν
1053 3524 1118 3568 non
1136 3505 1256 3588 placet3
1276 3505 1339 3568 for-

219 3621 304 3680 tasse
324 3616 496 3700 legendum
521 3621 585 3680 est:
610 3614 662 3678 σὺν
685 3613 751 3692 ἐμοὶ
774 3614 936 3692 ἐκπέμπειν
961 3617 1015 3698 (sc.
1039 3620 1073 3681 in
1098 3621 1243 3701 agrum).

263 3730 337 3805 VII,
372 3732 422 3792 38.
457 3725 528 3792 οὕτω
564 3727 737 3792 δικτέέεντοιι
767 3728 798 3791 ai
828 3726 967 3806 μέλιττοιι
996 3730 1065 3809 πρὸς
1093 3728 1188 3802 αὐτὴν
1211 3732 1264 3812 (so.
1286 3729 1339 3803 την

219 3841 373 3924 ἡγεμόνος),
406 3840 489 3914 ὥστε,
521 3839 590 3904 έποιν
619 3840 710 3914 ἐκείνη
741 3841 857 3922 έκλέπη,
888 3841 1010 3919 οὐδεμίοι
1036 3839 1124 3906 οἵετοιι
1147 3841 1339 3910 ἀπολειπτέον

215 3950 296 4029 εἶνκι,
321 3955 393 4020 ἀλλ’
417 3953 535 4019 ἕπονπιιι
558 3956 665 4017 πᾶσιν.
689 3954 880 4039 Suspectum
902 3958 980 4019 mihi
999 3961 1047 4020 est
1066 3957 1200 4022 verbum
1213 3957 1335 4038 ἐκλέπηι

219 4075 303 4134 certe
325 4069 497 4134 admodum
520 4070 693 4132 invenusta
716 4075 764 4134 est
785 4070 848 4132 ista
865 4071 1027 4152 repetitio:
1048 4068 1173 4149 ε’κλέπη.
1189 4117 1196 4134 .
1212 4118 1240 4134 ..
1261 4069 1337 4134 ἀπο-

217 4180 358 4248 λειπτέον.
392 4180 477 4257 Quid
508 4187 615 4245 tamen
645 4183 807 4264 scripserit
837 4181 1021 4266 Xenophon
1043 4203 1101 4268 pro
1125 4189 1210 4248 certo
1233 4185 1339 4250 dioere

219 4315 285 4360 non
307 4315 449 4379 possum.
471 4296 525 4358 An
547 4294 628 4358 forte
650 4289 710 4373 ε’ξίη
732 4295 803 4360 ποιῖ2
