3330 5262
879 610 942 674 396

350 796 482 861 dicendo
504 795 693 860 fortissimos
712 795 784 860 illos
803 815 873 860 esse
892 797 1035 860 omnium
1057 795 1259 874 Graecorum,
1272 803 1465 882 quapropter

348 929 453 994 neque
491 910 568 974 olim
602 909 774 995 Spartanos
808 929 914 994 neque
948 929 1036 974 nunc
1067 908 1233 974 Thebanos
1266 911 1330 976 iliis
1365 913 1461 978 sociis

351 1042 456 1088 carere
488 1042 597 1108 posse:
633 1021 683 1087 ε’ἀν
718 1015 764 1086 οὖν
794 1026 961 1104 σωφρονῆτε
990 1026 1041 1087 τοῦ
1073 1021 1237 1087 ἀκολουθεῖν
1268 1019 1332 1088 θποι
1362 1021 1397 1087 ἀν
1421 1047 1467 1097 τις

352 1143 512 1216 παρακαλῇ
545 1134 707 1215 ἀφήτεπθε·
738 1137 775 1208 ὥς
810 1133 940 1216 πρότερον
972 1135 1213 1214 Λακεδαιμονίοις
1245 1134 1472 1210 ἀκολουθοῦντες

353 1251 473 1323 ἐκείνους
504 1247 662 1325 ηὐξήσατε,
695 1253 742 1314 νῦν
773 1251 804 1315 δὲ
836 1247 872 1314 ἀν
905 1249 1046 1328 Θηβαίοις
1068 1251 1128 1332 εἰκῇ
1152 1250 1329 1325 ἀκολουθῆτε
1353 1251 1404 1316 καί
1428 1251 1472 1330 μη

354 1365 436 1430 καπά
465 1363 550 1446 μέρος
582 1364 715 1442 ἡγεῖσθαι
748 1361 864 1438 ἀξιῶτε,
895 1362 984 1444 τάχα
1007 1362 1124 1438 τούτους
1147 1362 1257 1437 ἀλλους
1282 1366 1473 1443 Λακεδαιμο-

355 1477 427 1551 νίους
458 1479 597 1560 εὑρήσετε.
624 1479 667 1544 Ut
688 1479 770 1543 bene
793 1479 870 1544 haec
892 1479 1089 1562 cohaereant,
1111 1485 1184 1562 post
1207 1479 1244 1551 ὡς
1266 1481 1473 1544 inserendum

355 1599 403 1659 est
433 1592 507 1673 γάρι
540 1593 811 1678 quemadmodum
842 1595 927 1658 enim
958 1593 1034 1657 olim
1065 1592 1237 1678 Spartanos
1260 1594 1406 1676 auxistis,
1429 1595 1474 1658 ita

355 1727 443 1772 nunc
477 1708 505 1772 si
539 1706 696 1772 Thebanis
726 1711 845 1771 temere
876 1707 1098 1790 hegemoniam
1121 1708 1349 1790 concesseritis,
1372 1726 1474 1770 noros

354 1821 427 1887 illos
451 1820 623 1905 Spartanos
646 1819 809 1885 habebitis.

400 1934 425 2018 I,
460 1936 510 1998 25.
541 1935 682 2000 Arcades
712 1935 848 1999 Asinam
878 1935 990 2000 urbam
1020 1934 1212 2001 Laconicam
1234 1937 1475 2020 aggrediuntur,

356 2048 550 2132 praesidium
584 2045 778 2112 Laconicum
813 2049 955 2132 vincunt,
985 2047 1037 2113 καί
1072 2049 1121 2114 τὸν
1153 2046 1292 2130 Γεροίνορα
1314 2049 1362 2113 τδν
1384 2047 1474 2112 πολέ-

357 2184 473 2242 μαρχον
495 2159 684 2243 Σπαρτιάτην
703 2160 897 2240 μεμυημένον
909 2161 1093 2228 ἀπέκτειναν.
1109 2161 1193 2238 Quid
1204 2165 1266 2227 isto
1278 2161 1475 2241 γεγενημένον

356 2277 469 2341 faciam
492 2278 607 2342 nescio
633 2275 821 2360 Sequuntur
843 2278 938 2356 haecs
957 2274 1026 2340 ὅπου
1049 2275 1080 2341 δὲ
1104 2275 1268 2354 βουληθεῖεν
1286 2273 1422 2351 ἐξελθεῖν,
1443 2277 1474 2340 οὐ

357 2386 418 2464 viz,
452 2390 483 2454 οὐ
518 2389 643 2470 χειμών,
680 2390 710 2454 οὐ
745 2395 839 2467 μῆκος
872 2389 945 2462 ὁδοῦ,
977 2389 1029 2454 οὐκ
1059 2386 1105 2470 ὅρη
1140 2387 1281 2465 δύσβατα
1305 2387 1476 2453 ἀπεκώλυεν

356 2501 469 2576 αὐτούς.
495 2504 558 2569 Pro
580 2502 650 2568 ὅπου
673 2505 759 2569 haud
781 2505 876 2570 dubie
898 2506 1069 2588 legendum
1094 2510 1142 2569 est
1164 2501 1234 2567 έποι.

401 2617 426 2700 Ι,
450 2619 500 2682 29.
525 2616 671 2682 Cassidas
695 2619 763 2682 dux
786 2619 949 2702 copiarum
973 2639 991 2682 a
1014 2616 1170 2699 Dionysio
1190 2619 1360 2682 missarum
1380 2617 1477 2702 Spar·

356 2737 421 2796 tam
455 2732 557 2796 redire
588 2733 666 2796 vult.
693 2730 757 2794 ε’πεί
788 2730 819 2795 δὲ
851 2729 1096 2811 ἀποπορευόμενον
1120 2729 1312 2807 ὑπετέμνοντο
1336 2731 1426 2795 αὐτὸν
1453 2731 1477 2795 οἱ

357 2843 512 2918 Μεσσήνιοι
534 2843 581 2909 ἐπὶ
604 2845 701 2909 στενὸν
726 2852 779 2919 τῆς
802 2844 866 2908 θδοῖι
889 2845 1014 2908 ἐνταῦθα
1036 2843 1072 2916 δη
1092 2841 1224 2922 ἔπεμπεν
1242 2842 1474 2924 ε’πθτδνἈρχί-

357 2957 450 3035 δαμον
486 2956 536 3021 καί
567 2956 681 3034 βοηθεῖν
711 2956 832 3022 ἐκέλευε.
864 2957 1016 3023 Messenii
1048 2961 1133 3022 viam
1163 2958 1414 3042 praecluserunt,
1439 2965 1476 3022 ut

357 3075 479 3157 opinor,
507 3092 539 3137 ao
571 3071 633 3136 loco
660 3072 712 3136 ubi
734 3074 787 3135 via
810 3077 946 3156 angusta
969 3077 1043 3136 orat.
1066 3071 1150 3156 Lege
1174 3091 1250 3156 ergo
1273 3076 1353 3135 κατα
1375 3071 1474 3135 στενὸν

356 3191 409 3259 τοῖς
433 3185 507 3250 ῖδοῖι.
531 3186 802 3269 Praepositionem
825 3184 876 3249 ἑπί
897 3186 971 3251 inde
994 3191 1101 3250 natam
1128 3205 1197 3250 esse
1220 3186 1313 3250 credo
1333 3186 1419 3269 quod
1440 3187 1474 3248 in

357 3303 482 3364 vetusto
505 3299 614 3364 codice
637 3301 683 3363 sic
706 3301 860 3383 scriptum
882 3305 964 3364 erat:

554 3411 633 3476 κατά
657 3413 754 3476 στενὸν
777 3418 831 3484 τοῖς
852 3411 916 3476 ὁδοῦ
940 3413 1065 3477 ἐνταῦθα
1087 3411 1121 3486 δη
1146 3409 1278 3490 ἔπεμπεν

554 3527 601 3592 έπῖ
623 3528 671 3592 τὸν
694 3527 885 3609 Ἀρχίδαμον
907 3527 968 3593 κτὲ.

400 3643 425 3726 I,
467 3644 517 3707 33.
561 3641 780 3706 Deliberantes
813 3642 962 3725 Thebani,
997 3663 1060 3726 qua
1095 3643 1218 3706 ratione
1253 3641 1471 3726 h'egemoniam

358 3756 506 3820 Graeciae
530 3757 672 3820 nancisci
694 3763 832 3840 possent,
855 3756 1001 3833 ε’νθμισαν,
1024 3755 1047 3819 εί
1070 3755 1221 3835 πέμψειαν
1246 3756 1314 3835 πρὸς
1333 3756 1381 3820 τὸν
1400 3763 1471 3832 Περ-

270 3873 272 3878 ’
356 3871 412 3931 τῶν
443 3867 582 3945 βασιλέα,
615 3877 824 3980 πλεονεκτῆραι
847 3868 883 3934 ἀν
907 3894 934 3934 τι
957 3872 986 3934 ἕν
1007 3869 1110 3949 ε’κείνιρ.
1133 3869 1322 3934 Rectissime
1345 3868 1471 3932 Morum

356 3985 529 4049 coniecisse
553 3985 645 4049 oredo
669 3984 737 4066 παρ’
762 3972 872 4065 ἐκείνοι
896 3986 1051 4070 putabant
1074 3987 1159 4049 enim
1179 3983 1318 4048 Thebani
1337 4004 1369 4048 sa
1387 3983 1474 4063 οραιί

356 4096 476 4181 Regem
506 4101 541 4161 in
573 4100 691 4163 maiore
724 4120 819 4183 quam
843 4106 962 4164 ceteros
983 4098 1111 4163 futuros
1134 4099 1259 4162 honore.
1284 4097 1396 4181 Neque
1419 4117 1471 4162 eos

356 4231 427 4295 spes
463 4210 580 4276 fefellit.
612 4211 688 4276 Mox
721 4214 807 4277 enim
838 4213 973 4298 legimus
1005 4215 1035 4296 (ᾖ
1068 4215 1136 4296 34ρε
1162 4213 1236 4277 πολὺ
1259 4212 1472 4277 ε’πλεονέκτειὸ

358 4322 530 4396 Πελοπίδας
552 4324 633 4405 παρά
655 4325 695 4404 τῷ
718 4323 822 4408 Πέρση.
