3352 5260
740 637 803 701 105

206 825 367 910 potuisse;
391 842 498 907 nequa
518 824 641 888 minore
659 823 754 888 laude
773 823 870 908 digna
889 829 939 889 est
958 842 996 888 ea
1007 823 1234 908 disputationis
1248 841 1333 907 pars,

209 957 274 1021 qua
309 937 404 1021 qualo
436 936 534 1001 iirerit
568 938 805 1002 exercitationis
836 937 1052 1019 scholasticae,
1085 957 1183 1020 quam
1212 936 1334 1020 ingenii

209 1051 392 1116 ostentandi
410 1051 512 1134 gratia
531 1050 715 1131 Polycrates
736 1051 876 1128 ediderit,
888 1051 1116 1115 consiliumita
1131 1051 1336 1132 demonstrat,

209 1170 246 1229 ut
280 1164 370 1228 nulla
402 1166 467 1228 iam
500 1168 599 1228 restet
632 1163 806 1229 dubitatio:
839 1164 1021 1228 admirabili
1052 1165 1139 1229 enim
1163 1164 1335 1247 sagacitate

209 1277 356 1361 undique
388 1276 508 1340 indicia
541 1277 705 1361 protrahit,
740 1277 859 1361 quibus
886 1278 1047 1363 probetur,
1077 1277 1280 1360 Polycratem
1303 1280 1336 1340 et

212 1393 274 1456 alia
305 1396 414 1456 contra
445 1390 607 1456 Socratem
640 1391 868 1475 declamitasse,
899 1398 931 1457 et
953 1393 1013 1457 hoc
1036 1393 1223 1476 praesertim
1246 1409 1336 1475 prae-
1452 1423 1454 1427 ·

213 1507 412 1572 stantissimo
446 1507 516 1569 viro
552 1504 715 1588 obiecisse,
750 1507 836 1590 quod
866 1525 968 1590 poena
997 1507 1115 1591 dignus
1145 1505 1250 1583 merit,
1280 1506 1337 1590 qui

215 1620 333 1685 Critiae
368 1625 399 1684 et
433 1619 601 1698 Alcibiadi,
635 1621 756 1703 patriae
791 1619 947 1703 hostibus,
981 1621 1141 1684 exstiterit
1177 1620 1336 1704 magister.

212 1734 285 1799 Hoc
320 1753 450 1818 quoque
483 1733 632 1798 lubenter
665 1752 777 1798 omnes
809 1733 926 1798 Cobeto
960 1734 1144 1816 concedent,
1176 1754 1278 1818 quum
1306 1737 1338 1797 at

212 1848 330 1930 Lysias
357 1852 466 1913 contra
491 1847 693 1929 Polycratem
716 1848 894 1932 apologiam
919 1869 1012 1913 susm
1035 1849 1206 1932 scripserit,
1230 1853 1261 1912 et
1283 1847 1338 1910 alii

212 1963 308 2026 multi
339 1961 517 2044 Polycratis
545 1962 695 2045 aequales
718 1961 875 2026 adversus
899 1964 970 2026 eius
994 1962 1256 2026 declamationem
1281 1959 1338 2024 So-

214 2079 333 2139 cratem
364 2073 570 2157 defenderint,
601 2074 774 2139 admodum
800 2074 964 2159 probabile
988 2093 1067 2157 osse,
1089 2073 1337 2157 Xenophontem

214 2207 344 2273 quoque
363 2188 497 2252 lividum
520 2189 704 2273 sophistam,
718 2191 775 2273 qui
787 2189 985 2254 dilectissimi
997 2188 1209 2273 praeceptoris
1220 2186 1338 2252 famam

215 2303 332 2385 ineptis
356 2302 425 2365 suis
449 2301 639 2365 criminibus
662 2303 910 2385 commacularit,
932 2302 1075 2366 refellere
1097 2302 1249 2365 voluisse.

259 2415 323 2480 Sed
348 2433 427 2498 paco
449 2417 530 2479 tanti
552 2416 614 2478 viri
637 2415 758 2479 dictum
781 2421 865 2480 esto:
891 2434 1051 2480 summam
1074 2415 1173 2480 totius
1196 2415 1339 2498 disputa-

214 2529 320 2605 tionis,
357 2547 453 2612 quam
489 2528 528 2592 de
561 2526 776 2611 Xenophonte
807 2533 839 2592 et
861 2528 1029 2612 Polycrate
1053 2527 1166 2592 habuit
1190 2526 1340 2610 Oobstns,

214 2661 322 2707 veram
347 2661 417 2706 esse
440 2641 568 2706 eredere
590 2661 656 2705 non
679 2661 819 2725 possum.
840 2641 929 2707 Haeo
948 2644 1034 2706 enim
1055 2643 1125 2706 eius
1137 2640 1234 2706 verba
1246 2646 1338 2706 sunt:

217 2754 284 2839 „rol
306 2754 478 2836 Σωκράτους
497 2752 815 2832 Ἀπομνημονεύματα
833 2756 874 2819 ad
893 2756 1146 2840 redarguendam
1159 2754 1338 2836 Polycratis

214 2867 391 2949 κατηγορίαν
425 2866 596 2948 Σωκράτους
631 2871 806 2954 composita
840 2875 917 2934 sunt
939 2875 970 2934 et
993 2868 1107 2933 edita'’.
1132 2867 1239 2944 Quare
1261 2869 1340 2931 mihi

215 2983 271 3047 illa
301 2983 340 3047 de
363 2987 429 3046 toto
451 2982 533 3047 libro
556 2981 791 3067 Xenophonteo
815 2985 972 3048 sententia
996 3002 1060 3046 non
1086 2983 1217 3066 placeat,
1241 3001 1356 3065 quam.

214 3097 453 3160 accuratissime
476 3115 636 3180 exponere
659 3096 806 3160 conabor.

262 3208 370 3274 Oratio
393 3211 426 3272 in
450 3228 526 3273 vero
549 3209 669 3273 iudicio
693 3210 732 3274 de
756 3229 830 3274 vero
854 3211 986 3274 crimine
1009 3209 1117 3273 habita
1140 3228 1177 3273 eo
1197 3229 1217 3272 a
1238 3208 1341 3273 decla-

218 3325 357 3388 matione
381 3322 581 3387 scholastica
612 3322 724 3405 differt,
756 3323 842 3407 quod
872 3325 907 3386 in
930 3322 985 3386 illa
1006 3326 1123 3387 vivum
1147 3323 1255 3386 omnia
1279 3324 1342 3406 spi·

217 3443 361 3522 rantque.
391 3437 515 3502 Audire
548 3435 607 3501 tibi
640 3437 760 3502 videris
794 3456 886 3501 reum
921 3437 1175 3502 adversariorum
1208 3438 1343 3500 crimina

218 3551 424 3634 refellentem,
448 3551 499 3615 vel
525 3554 741 3614 accusatorem
768 3549 1019 3634 quibuscunque
1041 3551 1142 3633 possit
1164 3548 1342 3613 rationibus

220 3667 482 3751 argumentisque
511 3666 679 3729 inimicum
707 3666 741 3728 in
774 3665 990 3748 suspicionem
1013 3669 1188 3727 vocantem.
1211 3662 1344 3726 Movent

220 3786 251 3846 te
274 3781 474 3844 narrationes
497 3779 536 3843 de
558 3780 685 3861 iniuria,
706 3799 769 3862 qua
789 3797 823 3842 se
843 3777 992 3842 affectum
1013 3796 1082 3841 esse
1095 3777 1343 3840 oratordemon-

221 3900 315 3960 strat:
349 3899 422 3958 ante
453 3894 565 3957 oculos
596 3898 660 3957 stat
681 3892 790 3955 vivida
813 3892 1010 3956 accusatoris
1032 3892 1144 3974 reique
1166 3892 1280 3974 imago.
1304 3890 1344 3953 In

220 4006 362 4093 periculo
381 4007 501 4070 versari
521 4025 612 4070 reum
626 4007 735 4089 sentis,
746 4006 863 4069 iratum
877 4023 946 4068 esse
958 4008 1175 4068 accusatorem
1187 4004 1343 4087 agnoscis.

222 4119 292 4197 Quo
316 4121 468 4206 quodque
491 4126 715 4205 argumentum
739 4119 888 4183 afferatur
911 4117 1044 4181 consilio
1063 4117 1224 4201 intelligis,
1244 4137 1345 4201 quan-

220 4238 289 4298 tum
322 4235 440 4317 cuique
472 4235 514 4296 sit
543 4232 759 4313 tribuendum,
783 4237 947 4315 tamquam
971 4233 999 4295 si
1023 4231 1093 4314 ipse
1114 4231 1198 4294 inter
1220 4230 1343 4295 iudices

222 4346 342 4430 sedeas,
364 4346 542 4433 perpendis.
567 4344 653 4426 Quid
671 4345 873 4412 adversarius
893 4343 1100 4428 responderit,
1112 4344 1140 4406 si
1160 4344 1230 4406 eius
1244 4343 1344 4407 oratio
