3330 5262
884 572 947 636 326

348 758 421 823 dem
452 759 624 841 quisquam
658 757 688 822 ei
719 756 914 840 credidisset,
944 757 973 820 sl
998 775 1097 820 suum
1120 755 1223 821 filium
1246 755 1471 839 Leotychidem

346 890 417 936 esse
439 876 597 956 negasset

389 983 514 1050 Deinde
548 983 699 1049 credibile
730 1003 796 1048 non
827 988 885 1065 est,
917 1002 1018 1066 quum
1050 987 1134 1047 esset
1156 983 1344 1048 dicendum:
1373 989 1471 1068 ,post

346 1097 492 1162 ultimam
532 1103 669 1180 noctem,
713 1117 778 1181 qua
819 1116 893 1161 cnm
937 1100 1038 1160 matre
1079 1100 1136 1159 tua
1175 1096 1238 1160 luit
1279 1115 1347 1179 rex,
1386 1102 1471 1162 ante·

346 1231 443 1295 quam
474 1212 568 1276 domo
599 1209 707 1294 abiit”,
736 1209 770 1274 id
801 1211 846 1272 ita
875 1208 1124 1292 Xenophontem
1155 1210 1358 1274 enuntiasse:
1384 1210 1471 1290 ,,ιὶφ’

345 1319 377 1388 οὔ
415 1324 467 1388 οὐκ
500 1320 597 1402 ἐφάνη
633 1321 662 1385 ἐι
697 1320 737 1401 τῷ
773 1319 931 1401 θαλαμῳ”,
967 1321 1019 1386 vel
1053 1322 1162 1406 potius
1197 1325 1261 1385 tam
1297 1321 1471 1387 obscurum

346 1439 467 1502 dictum
502 1436 654 1520 Agesilao
687 1434 883 1520 praebuisse.
917 1432 1020 1510 Quam
1055 1435 1149 1499 facile
1184 1435 1269 1498 enim
1306 1439 1374 1499 erat
1405 1453 1472 1500 eam

345 1569 413 1615 rem
444 1551 488 1614 ita
515 1547 712 1633 significare:
737 1547 797 1628 ἀφ’
819 1541 852 1611 εὖ
874 1546 908 1612 τὸ
932 1552 1099 1610 τελευταῖοι
1123 1567 1148 1612 a.
1172 1542 1298 1610 ὕστατον
1324 1540 1357 1619 ἦν
1380 1547 1410 1610 εἰι
1433 1547 1471 1627 τῷ

349 1659 485 1743 θαλάμῳ.
529 1711 533 1720 .

390 1775 453 1840 Sed
485 1775 714 1859 gravissimum
747 1777 982 1857 argumentum,
1017 1792 1116 1857 quare
1150 1792 1208 1857 ego
1244 1791 1308 1838 non
1345 1775 1471 1840 credam

347 1888 432 1952 idem
468 1885 714 1970 Xenophontem
751 1886 855 1949 dicere
889 1885 975 1969 quod
1009 1885 1231 1969 Plutarchum,
1262 1905 1304 1949 ex
1325 1886 1377 1950 his
1400 1892 1470 1970 peto

346 2000 470 2066 verbis:
501 1999 534 2063 ἐκ
564 2003 604 2062 roi
635 1996 763 2077 θαλααω
785 1994 932 2072 ἐξελάσας
955 1998 1065 2078 σεισμῷ
1088 1998 1128 2070 εἷς
1151 1998 1184 2062 σὺ
1207 1999 1330 2078 passati
1353 1999 1402 2064 τὸν
1425 1999 1471 2064 σὸν

346 2110 470 2193 πατέρα.
493 2111 552 2175 Oui
573 2113 657 2176 enim
678 2110 841 2194 probabile
862 2110 963 2174 videri
982 2116 1086 2195 potest
1105 2111 1211 2176 verbis
1231 2110 1279 2174 σὸν
1299 2111 1348 2175 σὸν
1360 2110 1471 2192 πατέρα

347 2225 530 2310 significari,
554 2244 617 2288 non
640 2225 743 2304 illum,
768 2241 833 2308 quo
856 2241 968 2288 revera
992 2229 1087 2288 natus
1107 2228 1155 2288 est
1173 2223 1396 2309 Leotychides,
1415 2225 1468 2289 sed

346 2339 450 2421 illum,
485 2356 581 2420 quem
617 2341 738 2421 patrem
773 2355 868 2400 suum
904 2354 974 2400 esse
1001 2340 1108 2415 posteo
1131 2334 1339 2418 perhibebat?
1370 2335 1472 2421 Supra

347 2452 432 2515 enim
463 2450 543 2533 Agis
575 2448 767 2532 appellatur:
802 2445 831 2510 ὃν
854 2446 891 2509 σὺ
914 2452 1018 2518 καλεῖς
1041 2444 1164 2525 πατέρα.
1190 2446 1306 2511 Nonne
1330 2448 1381 2513 his
1405 2466 1471 2512 ver·

347 2565 397 2630 bis
429 2583 517 2628 nunc
535 2562 703 2643 opponitur
732 2561 781 2624 τὸν
804 2561 853 2624 σὸν
876 2558 1016 2639 martra?
1039 2560 1081 2624 Et
1104 2561 1132 2624 ei
1153 2561 1316 2644 legitimus
1340 2564 1471 2626 maritus

347 2681 428 2764 Agis
461 2684 563 2742 terrae
598 2681 688 2740 motu
722 2681 851 2740 coactus
887 2680 934 2739 cst
967 2693 1007 2738 ex
1039 2676 1152 2739 uxoris
1182 2673 1331 2738 cubiculo
1354 2675 1472 2758 fugere,

347 2813 428 2857 num
450 2791 521 2856 ideo
546 2791 608 2854 dici
631 2793 736 2874 potest
754 2787 865 2867 σεισμῷ
885 2783 1055 2860 ἐξελαθῆναι
1074 2786 1113 2858 εἰς
1133 2786 1166 2849 τὸ
1186 2783 1334 2866 Φαιερόνῖ
1356 2785 1391 2850 Si
1410 2787 1472 2849 iam

347 2910 463 2991 posset,
495 2904 573 2988 quid
604 2905 721 2966 mirum
746 2906 812 2965 erat
834 2920 876 2964 ex
898 2899 1008 2964 acoris
1030 2899 1180 2964 cubiculo
1204 2917 1312 2982 regem
1336 2898 1472 2982 fugere?

348 3020 408 3084 Sed
433 3038 500 3081 non
523 3021 634 3100 potest.
659 3014 742 3091 Quid
767 3016 851 3078 eninr
874 3009 1014 3086 ἕξελασαι
1036 3012 1075 3084 εἰς
1095 3012 1127 3076 τὸ
1147 3011 1270 3092 Φαιερόι
1291 3012 1474 3096 significat?

347 3131 437 3196 Nihil
460 3130 548 3193 aliud
576 3147 673 3212 quam
697 3128 773 3191 hoc:
799 3145 882 3208 eum,
906 3127 963 3209 qui
985 3127 1083 3190 latere
1103 3127 1201 3208 cupit,
1212 3123 1339 3208 prodire
1352 3142 1474 3208 cogere,

348 3248 380 3309 et
409 3242 484 3306 inde
512 3243 646 3326 prodire,
671 3259 925 3324 quorumquam
951 3240 1078 3303 vonisse
1101 3238 1202 3302 videri
1225 3239 1311 3320 velit,
1335 3256 1475 3320 eumque

348 3366 422 3420 ante
453 3357 599 3418 omnium
629 3352 738 3418 oculos
769 3352 961 3437 protrahere,
991 3357 1024 3415 et
1046 3353 1080 3414 in
1103 3350 1214 3435 populi
1237 3355 1379 3438 statuere
1400 3369 1476 3413 con-

348 3473 469 3553 spectu.
501 3467 552 3530 Ex
577 3466 826 3532 matrisfamiliae
850 3464 997 3529 cubiculo
1021 3463 1060 3535 εἰς
1084 3463 1117 3527 τὸ
1140 3463 1262 3544 φανερὸν
1285 3459 1474 3537 ἐξελαύνεται

348 3602 413 3645 non
439 3581 572 3644 maritus
595 3599 706 3643 verum
731 3577 864 3642 adulter.

395 3694 480 3771 Quid
510 3713 585 3778 ergo
612 3692 827 3776 Xenophonte
851 3694 981 3754 auctore
1004 3690 1059 3753 illa
1081 3693 1175 3753 nocte
1199 3689 1320 3770 accidit,
1344 3689 1395 3753 vel
1418 3707 1475 3773 po-

351 3811 414 3873 tius
438 3827 532 3892 quem
557 3806 668 3891 populi
690 3823 851 3868 rumorem
871 3805 999 3886 respicit
1018 3803 1198 3885 Agesilaus
1217 3801 1274 3865 ubi
1294 3820 1377 3884 quae
1397 3803 1472 3865 cita·

349 3923 457 3984 vimus
498 3919 685 4001 Leotychidi
724 3916 857 3980 obiicit?
897 3915 1045 3999 Spartani
1081 3934 1192 3978 omnes
1225 3915 1304 3996 fuga
1338 3914 1474 3978 salutem

351 4035 594 4118 quaesiverunt3
628 4034 661 4094 in
694 4032 857 4095 communi
888 4030 1106 4112 trepidatione,
1137 4028 1213 4092 dnm
1246 4047 1333 4109 „sua
1357 4029 1476 4110 cuique

350 4147 465 4210 domus
495 4145 621 4209 funesta
648 4143 796 4207 videtur’'
821 4163 838 4207 e
861 4143 989 4226 reginae
1016 4139 1164 4205 cubiculo
1188 4140 1312 4224 prosilit
1334 4138 1476 4203 Alcibia-

350 4261 414 4324 des.
437 4259 538 4324 Pauci
561 4260 719 4342 viderunt,
743 4262 798 4321 aut
821 4256 930 4320 videre
954 4255 1016 4320 sibi
1039 4256 1101 4319 visi
1124 4259 1209 4338 sunt,
1232 4259 1287 4318 aut
1307 4255 1419 4319 saltem
1440 4273 1476 4318 ee
