3352 5260
764 565 826 627 157

144 767 146 770 ’
227 750 280 814 hio
311 754 382 834 post
410 747 520 826 οίτεβές
551 750 716 814 adduntur
746 749 843 814 verba
878 747 943 830 περὶ
966 748 1033 822 τούς
1057 748 1141 822 ύεούς.
1167 749 1297 815 8010000
1322 753 1357 817 in

228 863 438 947 sequentibus
473 860 537 942 περὶ
573 863 639 926 θεῶν
673 865 804 948 0001100
838 869 913 948 0001
948 862 1124 944 πράττονται,
1159 883 1233 928 narn
1271 870 1356 930 recte

230 978 347 1042 (1101100
379 977 476 1055 λέγειν
512 1000 540 1041 τι
574 975 637 1058 περὶ
672 979 748 1050 θεῶν,
782 998 847 1042 000
880 981 955 1042 item
979 975 1115 1054 προίττειν
1137 1001 1165 1041 τι
1189 976 1253 1059 περὶ
1278 980 1354 1042 ύεῶν.

229 1091 349 1157 Eiectis
381 1099 489 1157 autem
520 1092 636 1176 0001010,
667 1111 748 1176 quae
777 1094 895 1175 notavi,
917 1098 1015 1157 totam
1040 1094 1229 1157 sententiam
1254 1094 1355 1158 multo

228 1206 298 1272 fieri
320 1207 542 1271 rotundiorem
565 1211 596 1272 01
620 1207 854 1291 elegantiorem,
875 1209 1022 1291 quisque,
1042 1212 1079 1271 ut
1098 1209 1218 1291 opinor,
1232 1210 1380 1276 0001101,

275 1320 307 1385 O.
338 1321 380 1404 H,
411 1324 441 1385 2.
472 1323 534 1394 πῶς
566 1313 612 1384 ούν
636 1319 725 1392 ωὐτὸς
749 1317 785 1384 ὢν
808 1324 934 1392 τοιοῦτος
958 1317 1065 1392 ἄλλους
1089 1319 1125 1383 aba
1149 1317 1166 1394 ἢ
1189 1319 1353 1400 οὶσεβεῑςῆ

229 1432 413 1516 ποροινίμους
426 1483 433 1498 .
448 1481 455 1498 .
471 1483 502 1500 ..
533 1433 672 1507 ἐποίησεν.
706 1434 849 1519 Scriptor
880 1436 940 1499 hoo
962 1435 1048 1499 vult:
1074 1454 1138 1520 quo
1163 1436 1257 1500 modo
1282 1436 1354 1501 talis

228 1552 323 1616 homo
354 1552 417 1615 dici
438 1555 542 1636 potest
565 1550 644 1615 alios
665 1552 781 1634 impios
805 1550 942 1616 fecisse?
965 1551 985 1613 i.
1000 1570 1025 1615 e.
1048 1568 1156 1614 nonne
1175 1549 1354 1614 absurdum

228 1670 284 1747 001,
307 1665 412 1730 dicere
434 1665 530 1730 talem
554 1665 715 1729 hominem
739 1665 819 1728 alios
838 1664 954 1748 impios
973 1663 1112 1728 fecisse?
1133 1662 1257 1727 Abesse
1277 1682 1352 1748 ergo

228 1778 320 1843 debet
342 1779 498 1863 particula
522 1775 566 1841 οίν.
590 1778 638 1842 Ea
660 1780 746 1842 enim
771 1779 877 1842 addita
902 1778 1058 1843 sententia
1082 1777 1135 1840 fit:
1161 1797 1225 1861 quo
1248 1777 1352 1860 modo,

227 1893 284 1976 qui
307 1893 375 1976 ipsa
399 1892 471 1956 talis
494 1896 585 1974 esset,
608 1875 825 1976 alios'impios
848 1891 951 1955 faeere
975 1890 1218 1975 potuisset?

273 2006 322 2068 14.
358 2003 507 2082 ἐγενέσθην
542 2003 597 2082 μὲν
627 2003 685 2084 γὰρ
714 2004 753 2068 τὼ
785 2001 868 2085 οίνδρε
898 2002 989 2067 τούτω
1014 2002 1103 2085 φύσει
1125 2000 1348 2084 Φιλοτιμοτοίτω

225 2115 343 2181 ποίντων
375 2116 545 2190 Ἀθηναίων,
578 2115 745 2195 βουλομένω
775 2141 809 2180 τε
838 2115 940 2180 ποίντω
971 2116 1008 2179 δι’
1039 2116 1148 2179 ἑωυτῶν
1172 2114 1350 2196 πρύττεσύωο

223 2228 275 2294 κού
308 2229 424 2294 ποίντων
455 2228 679 2307 ίνομοιστοτοίτω
709 2228 849 2308 γενέσύου.
875 2230 923 2294 Ea
945 2236 1034 2314 parte
1058 2231 1242 2311 sententiae,
1267 2248 1350 2312 quae

224 2365 243 2408 a
273 2343 440 2422 βουλομένω
473 2346 595 2429 incipit,
618 2346 804 2428 explicatur,
828 2363 911 2427 quae
933 2344 1030 2408 fuerit
1051 2344 1180 2408 illorum
1205 2344 1348 2406 virorum

225 2457 391 2538 Φιλοτιμίοο.
417 2457 535 2522 Nullus
559 2478 633 2542 ergo
657 2458 831 2542 particulae
854 2481 888 2520 τε
910 2458 1001 2522 10000
1025 2463 1081 2522 est.

268 2573 319 2634 24.
351 2570 533 2635 Alcibiades
566 2570 620 2634 ὑπὸ
649 2574 764 2634 πολλῶν
792 2568 845 2633 aa}
876 2573 988 2647 σεμνῶν
1011 2573 1155 2648 γυνωικῶν
1179 2569 1345 2650 θηρώμενος,

223 2682 271 2748 διρο
293 2683 418 2762 δύνωμιν
442 2684 535 2748 δὲ...
551 2733 558 2747 .
585 2682 835 2764 διωύρυπτύμενος,
861 2683 915 2747 ὑπὸ
939 2683 970 2747 δὲ
989 2687 1039 2746 τοῦ
1058 2683 1152 2760 δύμον
1171 2683 1346 2761 τιμώμενος,

221 2797 273 2863 κωί
296 2799 397 2882 ῥᾳδίως
417 2799 575 2881 πρωτεύων,
596 2796 685 2879 ῥίςπερ
706 2799 729 2864 οἱ
747 2796 873 2871 οίύλοοτού
885 2797 985 2881 ῥᾳδίως
998 2795 1188 2877 πρωτεύοντες
1200 2797 1345 2875 οίμελοῖισι

220 2919 274 2986 τῆς
296 2912 457 2987 ἀσκήσεως,
481 2909 552 2976 οὕτω
576 2912 709 2983 κύκεῖνος
733 2911 880 2990 ἠμέλησεν
903 2911 1017 2976 ἑωυτοῦ.
1039 2911 1146 2976 Verba
1169 2910 1219 2974 κού
1241 2909 1343 2993 ῥᾳδίως

220 3023 369 3106 πρωτεύων
393 3026 548 3090 eiicienda
571 3045 641 3090 esse
664 3025 742 3089 mihi
765 3031 904 3090 constat:
927 3044 1002 3089 nam
1022 3044 1087 3088 non
1101 3026 1205 3089 solum
1216 3025 1343 3109 ingrata

220 3142 363 3224 repetitio
388 3147 436 3205 est
457 3138 558 3222 ῥᾳδίως
580 3137 729 3219 πρωτεύων
753 3177 795 3185 -
818 3139 919 3221 ῥᾳδίως
941 3136 1141 3219 πρωτεύοντες,
1163 3139 1344 3222 sedetiam,

218 3255 283 3318 illis
313 3253 420 3319 verbis
448 3255 556 3318 locum
582 3275 679 3318 suum
701 3253 923 3336 retinentibus,
947 3255 1122 3319 sententiae
1147 3255 1342 3338 compositio,

220 3387 317 3451 quam
353 3368 414 3432 sibi
448 3369 583 3452 scriptor
615 3370 789 3452 proposuit,
820 3368 1054 3451 pessumdatur.
1077 3366 1169 3444 Quod
1192 3370 1278 3432 enim
1303 3368 1342 3432 de

218 3480 344 3545 athletis
375 3480 501 3545 duobus
531 3480 697 3545 vocabulis
727 3479 828 3563 ῥᾳδίως
857 3479 1047 3560 πρωτεύοντες
1071 3481 1276 3565 significatur,
1298 3481 1342 3563 id,

216 3594 274 3659 ubi
297 3595 336 3659 de
358 3595 525 3659 Alcibiade
548 3615 652 3660 sermo
677 3599 733 3677 est,
757 3614 872 3680 magno
892 3594 1062 3660 verborum
1083 3595 1206 3659 ambitu
1224 3595 1342 3658 deseri·

216 3707 312 3773 bitur.
337 3707 438 3785 Quem
463 3711 548 3773 enim
571 3709 696 3774 nobiles
716 3709 867 3774 mulieres
887 3714 1009 3793 petunt,
1028 3709 1080 3772 cui
1100 3710 1185 3772 cives
1199 3709 1341 3791 sociique

218 3822 438 3906 blandiuntur,
451 3825 508 3907 qui
526 3824 612 3908 apud
623 3823 780 3908 populum
793 3829 841 3888 est
852 3824 886 3887 in
897 3814 1027 3905 honore,
1038 3825 1066 3886 is
1080 3820 1181 3904 ῥᾳδίως
1193 3819 1338 3902 πρωτεύει.

263 3936 314 3998 27.
341 3935 402 4016 ,Si
424 3937 518 4000 cuius
540 3935 649 4002 filius''
672 3938 807 4021 scriptor
829 3938 874 4000 ait
895 3984 910 4017 „
923 3936 999 4000 dum
1018 3936 1126 4020 aliquo
1146 3938 1214 4000 viro
1237 3937 1339 4000 amico

215 4048 377 4131 utebatur,
397 4048 517 4133 probus
540 4049 611 4132 fuit,
634 4055 744 4135 postea
764 4055 878 4131 autem,
898 4069 972 4114 eum
993 4051 1054 4113 alio
1074 4050 1339 4114 contractafami-

214 4162 361 4245 liaritate,
383 4181 524 4246 nequam
545 4162 649 4227 factus
673 4168 729 4245 est,
753 4168 863 4227 utrum
884 4168 973 4247 00100
991 4165 1128 4248 priorem
1146 4163 1238 4227 illum
1258 4164 1337 4228 ami·

214 4295 290 4342 cum
318 4277 353 4340 in
383 4277 477 4360 00100
506 4295 576 4340 0000
607 4277 699 4360 (11001,
731 4297 771 4340 an
802 4273 857 4356 ύσῳ
879 4273 916 4340 aa
939 4277 1020 4357 ποιρρο
1042 4279 1082 4357 τῷ
1106 4275 1212 4357 ύστύρςο1
1232 4273 1335 4355 χείρων
