3354 5268
702 631 776 692 ‘23

196 815 386 898 pronomine
420 811 509 883 αὐτός
540 819 677 897 apparet,
708 812 798 876 nulla
828 812 889 876 alia
912 832 1009 876 cansa
1032 811 1154 878 Ctesias
1177 815 1318 878 testimo-

197 928 289 990 nium
319 925 458 1006 affertur,
480 925 544 988 nisi
569 925 656 1007 qnod
677 925 706 988 is
730 925 876 988 oculatus
900 930 949 988 θεῖ
970 925 1078 989 testis:
1103 925 1191 1009 quod
1216 945 1318 1009 quum

198 1039 238 1102 de
272 1039 394 1102 medico
430 1057 533 1102 sermo
568 1038 617 1119 sit,
647 1039 692 1100 ita
723 1037 957 1100 enuntiandum
986 1043 1050 1101 est:
1083 1035 1112 1108 ὃς
1136 1035 1187 1100 καὶ
1213 1037 1317 1117 depa-

197 1153 342 1213 aserai
377 1146 464 1220 aesta
494 1172 521 1212 τ.
544 1171 572 1214 τ.
592 1153 627 1228 Φ.
652 1148 839 1213 Absurdum
864 1168 939 1213 vero
964 1155 1012 1213 θεῖ
1035 1148 1172 1212 idcaclur
1195 1148 1318 1219 edric

195 1286 223 1325 τ.
245 1284 272 1324 τ.
293 1268 329 1340 φ.
360 1261 444 1325 Nam
476 1263 503 1325 si
535 1281 639 1325 unum
667 1263 703 1324 in
725 1260 985 1325 Memorabilibus
1009 1261 1078 1343 (ΠΙ,
1103 1262 1131 1336 1,
1153 1264 1185 1343 4)
1209 1262 1317 1325 locum

197 1375 347 1457 excipias,
382 1373 440 1437 ubi
471 1373 566 1436 ἰᾶσθαι
599 1380 728 1456 propter
759 1372 995 1437 substantivum
1020 1370 1114 1452 iaspis
1138 1372 1177 1436 de
1202 1373 1317 1436 medici

197 1505 331 1550 munere
362 1487 501 1569 positum
532 1491 587 1566 θεῖ,
611 1485 695 1568 apud
722 1484 969 1569 Xenophontem
994 1485 1054 1548 hoo
1077 1486 1210 1548 interest
1231 1486 1317 1548 inter

197 1598 293 1661 idaeas
321 1604 353 1663 et
376 1596 544 1680 θεραπεύειν,
569 1599 655 1680 quod
678 1595 838 1677 θεραπεύειν
862 1604 909 1661 θεῖ
931 1617 1046 1660 carcre
1069 1617 1206 1678 aegrum,
1229 1597 1319 1660 nulla

196 1730 366 1776 successus
400 1711 505 1774 addita
533 1713 677 1791 notione,
709 1709 805 1773 irio-lar
835 1729 967 1793 aegrum
1002 1711 1053 1774 vel
1086 1711 1172 1794 aegri
1195 1710 1315 1774 vulnus

195 1843 373 1908 persanare.
405 1823 449 1886 Of.
482 1824 575 1886 modo
600 1822 713 1906 Cyrop.
739 1822 827 1904 VIII,
851 1825 879 1898 2,
904 1823 964 1902 253
989 1821 1106 1904 Oyneg.
1133 1821 1159 1902 Ι,
1183 1821 1211 1882 6.
1236 1819 1317 1884 (lon-

197 1937 292 2001 tendo
317 1955 391 2019 ergo
418 1935 513 1999 verba
537 1934 586 1997 aar
610 1934 706 1997 ἰᾶσθαι
730 1931 820 2004 αὐτός
844 1956 872 1996 τ.
885 1956 912 1996 τ.
928 1940 966 2012 φ.
989 1934 1121 2016 indigna
1145 1951 1214 1996 esse
1234 1950 1317 2016 quae

197 2048 412 2129 emendemus,
434 2050 468 2110 in
499 2053 625 2110 textum
649 2049 734 2110 enim
757 2049 924 2129 irrepsisse
947 2065 965 2110 θ
989 2047 1140 2128 margine,
1164 2045 1219 2109 ubi
1242 2064 1317 2107 cum

196 2159 458 2244 praecedentibus
481 2161 518 2230 ὡς
542 2159 671 2232 Κτησίας
694 2159 772 2238 φησί
793 2180 811 2222 a
835 2159 917 2222 male
941 2159 1051 2222 sedulo
1074 2158 1191 2221 lectore
1211 2163 1318 2222 essent

198 2275 365 2356 adscripta,
399 2275 453 2336 cni
483 2273 590 2336 locum
622 2291 662 2336 ex
695 2272 799 2336 Ctesia
829 2271 981 2334 afferendi
1005 2272 1203 2334 occasionem
1225 2289 1315 2352 prae-

197 2385 326 2449 buerint
356 2384 453 2450 verba
485 2403 567 2468 quae
599 2404 676 2447 mox
704 2389 893 2466 sequuntur.
918 2381 1025 2458 Quum
1049 2388 1156 2446 autem
1179 2384 1213 2444 in
1237 2383 1317 2445 scio·

196 2500 300 2562 lorum
324 2497 583 2562 annotationibus
605 2497 816 2580 agnoscendis
836 2496 915 2558 nihil
936 2496 1049 2560 utilius
1062 2497 1103 2558 sit
1115 2515 1211 2577 quam
1223 2514 1317 2558 aures

197 2611 372 2690 consulere,
392 2630 489 2693 quam
508 2609 644 2673 elumbis
664 2615 712 2680 θεῖ
731 2610 830 2672 oratio
848 2609 963 2670 horum
976 2606 1157 2683 verborum,
1169 2607 1317 2689 quamvis

198 2724 439 2788 emendatorum
468 2723 506 2793 ὡς
538 2721 667 2794 Κτησίας
691 2720 802 2800 <inuh
827 2744 854 2784 κ.
864 2743 892 2783 τ.
905 2743 932 2783 τ.
945 2719 975 2782 αὶ.
991 2719 1008 2782 i.
1035 2719 1148 2798 Φησιὶ
1173 2717 1216 2781 Εῖ
1239 2718 1318 2801 quid

197 2836 326 2901 tandem
357 2836 436 2899 illud
469 2841 525 2916 est,
557 2835 642 2917 quod
674 2839 753 2898 teste
776 2833 898 2897 medico
921 2832 1021 2915 Regio
1045 2831 1217 2894 narratur?
1242 2829 1316 2893 Non

199 2969 297 3032 qnam
332 2950 430 3013 altum
463 2948 562 3032 Regis
592 2947 712 3010 vulnus
742 2947 838 3010 fuerit
869 2946 913 3025 (id
936 2946 1021 3008 enim
1046 2963 1111 3007 non
1134 2942 1315 3026 Xenophon

198 3062 254 3126 sed
275 3061 467 3124 Plutarchus
480 3061 602 3122 'Artas
628 3061 667 3121 11
693 3059 797 3122 Ctesia
819 3065 948 3121 auctore
972 3076 1030 3120 nos
1055 3057 1167 3137 docet),
1191 3074 1313 3138 quaeve

198 3175 337 3256 corporis
360 3178 465 3256 partes
490 3173 593 3236 laesae
617 3173 689 3252 sint,
713 3171 768 3235 sed
791 3189 847 3254 per
869 3171 998 3234 loricam
1024 3168 1144 3252 Regem
1167 3169 1316 3232 vulnera·

197 3292 267 3349 tum
291 3305 377 3349 esse:
403 3284 541 3367 profecto
565 3284 605 3346 ad
629 3284 848 3346 testimonium
869 3283 903 3345 in
930 3300 967 3344 ea
989 3300 1024 3344 re
1047 3280 1215 3344 dicendum
1237 3280 1317 3344 eele-

199 3397 334 3462 berrimo
371 3397 492 3460 medico
529 3415 609 3479 opus
643 3403 717 3459 erat.
753 3394 875 3470 Quodsi
907 3413 1003 3476 quem
1034 3413 1105 3456 mea
1128 3397 1317 3476 argumenta

198 3530 263 3574 non
292 3517 429 3590 movent,
452 3516 557 3572 tamen
580 3508 640 3572 hoc
662 3513 799 3591 reputet,
822 3507 872 3571 vel
894 3507 966 3570 ideo
990 3505 1112 3570 Ctesiae
1135 3524 1253 3569 nomen
1276 3505 1317 3567 sd

199 3630 325 3706 tempus
348 3622 554 3685 indicandum
578 3621 703 3683 minimi
727 3639 796 3684 esse
820 3621 920 3702 pretii,
945 3618 1031 3700 quod
1050 3619 1181 3680 minime
1194 3621 1317 3678 constet

200 3736 335 3799 Gtesiam
359 3734 547 3797 indistorta
570 3733 743 3796 Persarum
767 3733 805 3796 de
825 3732 1016 3794 Artaxerxis
1028 3730 1160 3792 vulnere
1171 3728 1314 3791 locutum

199 3867 276 3912 esse.
309 3847 469 3910 Novimus
502 3849 589 3910 enim
625 3865 666 3909 ex
698 3844 818 3908 Galerio
849 3843 900 3926 (V,
922 3864 951 3926 p.
977 3842 1039 3905 562
1063 3841 1146 3922 Bas.)
1178 3840 1315 3903 Ctesiam

199 3961 293 4024 etiam
320 3960 358 4022 de
382 3966 448 4022 arte
473 3959 594 4023 medica
618 3959 798 4040 scripsisse:
824 3975 906 4040 quae
925 3960 1033 4018 autem
1053 3953 1138 4037 apud
1158 3952 1315 4015 Galenum

200 4074 339 4136 citantur
362 4071 534 4153 chirurgici
556 4071 682 4153 generis
707 4074 791 4150 sunt,
815 4073 846 4131 et
868 4065 1030 4151 probabile
1053 4071 1102 4128 θεῖ
1125 4063 1261 4128 Ctesiam
1280 4065 1314 4126 in

198 4185 387 4268 chirurgicis
422 4184 548 4266 scriptis
583 4182 702 4245 vulnus
735 4180 831 4264 Regis
862 4179 1035 4244 Persarum
1067 4197 1087 4239 a
1117 4194 1151 4242 se
1180 4175 1315 4240 feliciter

200 4303 347 4362 curatum
371 4316 436 4360 non
460 4297 649 4382 neglexisse.
