3330 5262
729 589 793 653 369

194 775 258 852 μεθ’
283 775 365 854 ὑμῶν
388 771 510 855 arettae,
535 772 616 847 εὑθιίς
637 798 680 839 σοι
704 774 788 853 ὑμεῖς
810 774 937 848 πολλοὺς
961 772 1016 853 μέν
1038 773 1172 848 ὑπλίτοις,
1191 773 1317 847 πολλοὺς

194 888 226 952 δέ
255 887 365 962 ἱππέοις
389 887 644 968 coartatae&
669 889 789 954 Nullus
813 890 866 953 hio
888 891 981 954 locus
1004 895 1053 955 est
1074 890 1248 974 particulae
1271 912 1315 966 γε.

195 1000 408 1068 Conseruntur
431 1022 514 1087 quae
538 1004 606 1067 dixi
629 1004 668 1067 ad
691 1003 750 1086 HI,
773 1005 803 1085 4,
827 1005 854 1067 9.

239 1116 282 1199 Π,
313 1118 363 1179 33.
391 1115 581 1180 Leontiades
605 1115 750 1200 Spartam
775 1116 937 1200 profectus
961 1117 1158 1182 demonstrat
1180 1116 1262 1180 bene
1286 1120 1318 1181 et

194 1231 369 1314 prudenter
398 1230 512 1295 fecisse
542 1229 749 1312 Phoebidam,
776 1230 863 1313 quod
887 1249 991 1294 arcem
1016 1229 1238 1294 Thebanorum
1262 1249 1316 1293 oo·
1427 1319 1429 1323 Ι

195 1346 335 1428 cuparit:
371 1350 500 1426 „antea
519 1343 629 1409 enim''
657 1345 701 1408 ait
727 1343 887 1426 „Thebani
910 1345 1052 1408 inimicis
1074 1347 1190 1409 vestris
1214 1345 1319 1427 amici,

196 1460 310 1522 amicis
341 1477 417 1522 vero
445 1459 561 1522 vestris
583 1457 692 1522 infesti
715 1462 820 1522 erant:
846 1458 897 1521 οὑκ
920 1454 969 1520 ert
993 1456 1047 1534 μέν
1071 1457 1119 1522 τὸν
1141 1458 1170 1521 έν
1194 1463 1324 1538 Πειροιιεῖ

198 1570 299 1649 δῆμον,
327 1570 548 1649 πολεμίωτοιτον
570 1568 640 1635 ίντοι
664 1571 744 1649 ὑμῖν,
769 1571 821 1634 οὑκ
843 1569 988 1644 ἠθέλνοοιν
1010 1569 1230 1652 ουστριιτεὺεινς
1256 1581 1320 1636 Φω-

198 1688 278 1749 κεῦσι
308 1683 339 1748 δέ
371 1683 413 1748 ὑτι
436 1684 516 1762 ὑμᾶς
539 1685 670 1762 εὐμενεῖς
693 1681 780 1756 ὑντοις
803 1683 900 1758 έθριον,
924 1683 1174 1764 ε’πεοτροίτενον”;
1198 1685 1318 1749 Parum

200 1800 355 1863 concinna
385 1804 432 1863 est
465 1799 582 1862 ultima
613 1799 786 1863 sententia:
820 1819 885 1863 non
917 1800 1003 1862 enim
1036 1800 1165 1863 dativus
1193 1801 1321 1863 Φωκεῦσι

201 1913 300 1976 simul
330 1931 348 1975 a
379 1911 477 1976 verbo
500 1910 708 1992 ἐπεστράτευον
734 1916 765 1976 et
787 1910 827 1976 ab
850 1911 1006 1976 abiectivo
1029 1911 1160 1990 εὐμενεῖς
1183 1911 1322 1996 pendere

199 2031 311 2111 potest.
335 2027 457 2092 Verum
482 2027 551 2110 lege
575 2025 646 2102 ὑμῖν
670 2046 728 2110 pro
751 2025 848 2103 ὑμᾶςτ
872 2025 1004 2091 habebis
1028 2030 1222 2092 structuram
1247 2044 1322 2090 vere

200 2140 351 2204 Atticam.

244 2253 286 2336 H,
310 2254 360 2316 37.
385 2251 547 2338 Occupata
567 2272 624 2337 per
645 2253 859 2337 proditionem
884 2251 1024 2316 Cadmea
1043 2251 1190 2336 Spartani
1210 2250 1263 2324 riv
1283 2252 1322 2318 είς

200 2366 253 2440 τὴν
282 2363 426 2431 ’Όλυνθον
448 2364 587 2446 ττροιτιὺιν
610 2362 855 2440 ξυνοιπέοτελλον.
879 2363 931 2428 κοιί
955 2362 1137 2444 ἐκπέμπουσι
1161 2365 1323 2429 Τελευτίου

202 2479 257 2560 μέν
280 2480 438 2562 ἁρμοστήν,
461 2479 514 2553 τὴν
537 2479 564 2544 δ’
588 2479 627 2551 είς
650 2479 716 2552 τοὺς
741 2479 856 2559 μυρίους
880 2475 1017 2554 ξὺντινξιν
1039 2479 1125 2543 οιὺτοί
1141 2503 1174 2543 τε
1192 2476 1323 2552 ὑίποιντες

201 2591 431 2673 ξυνεξέπεμπον,
457 2591 508 2658 aut
533 2593 572 2665 είς
593 2592 650 2664 τοὶς
672 2589 881 2672 Ξυμμοιχίδοις
903 2591 1001 2666 πόλεις
1024 2591 1177 2666 οκυτοίλοις
1201 2591 1323 2671 διέπεμ-

203 2731 256 2772 πον
286 2708 345 2773 κτὲ.
379 2711 459 2773 Atra
488 2709 566 2772 haec
597 2709 734 2772 narratio
762 2714 855 2773 nocte
877 2710 1044 2793 premitur.
1069 2709 1218 2773 Primum
1244 2709 1323 2792 quid

204 2822 266 2886 sibi
295 2822 371 2888 velit
392 2822 582 2906 praepositio
605 2822 640 2884 in
662 2821 769 2886 verbis
793 2817 1029 2895 ἓννιιπέοτελλον
1053 2828 1084 2887 et
1108 2817 1325 2900 ξυνεξέπεμπον

139 2916 141 2920 ¹
205 2937 472 3002 obscurissimum
503 2941 567 3017 est3
592 2940 624 3000 et
648 2955 729 3022 quae
752 2936 883 3001 tandem
905 2937 979 3001 illae
1003 2938 1111 3021 copiae
1135 2941 1220 3020 sunt,
1244 2957 1325 3020 quas

104 3027 107 3034 ⁴
204 3070 293 3114 nuno
316 3049 464 3134 Spartani
487 3047 668 3130 Olynthum
692 3049 848 3112 mittunt?
871 3047 965 3114 Dicat
984 3050 1118 3133 aliquis:
1139 3051 1208 3134 ipse
1228 3051 1327 3134 scrip-

206 3169 256 3229 tor
277 3164 337 3227 hoc
357 3163 477 3227 indicat
502 3162 608 3227 verbis
630 3160 684 3234 τὺν
706 3161 745 3234 είς
768 3160 834 3234 τοὺς
859 3161 973 3241 μυρίους
997 3157 1142 3236 ἓὺντοιξιν.
1167 3165 1213 3226 At
1235 3167 1327 3226 antea

206 3282 371 3342 narratum
403 3281 452 3342 est
481 3277 511 3359 (ᾖ
537 3276 578 3339 20
603 3279 684 3361 sqq.)
708 3277 872 3340 decretum
898 3295 967 3341 esse
991 3273 1175 3353 ariarecti
1198 3276 1237 3350 είς
1260 3275 1326 3349 τοὺς

207 3389 321 3470 μυρίους
344 3386 506 3468 ξὺντοιγμοι
528 3387 655 3462 έκιίοτην
678 3385 777 3452 πόλινι
800 3389 888 3454 illius
911 3394 1020 3455 autem
1042 3391 1203 3456 exercitus
1221 3391 1328 3454 Aean·

206 3505 350 3569 thiorum
374 3508 488 3588 rogatu
509 3503 707 3568 Eudamidas
726 3507 849 3586 partem
871 3523 981 3568 secum
1005 3505 1108 3587 duxit,
1129 3524 1204 3568 eum
1226 3523 1327 3587 eaque

206 3624 295 3703 parte
325 3620 390 3682 iam
422 3618 544 3683 bellum
575 3637 649 3682 oum
683 3615 843 3698 Olynthiis
869 3637 980 3702 gerere
1001 3620 1148 3683 instituit.
1172 3618 1328 3703 impetrat

204 3738 314 3798 tamur
345 3732 543 3797 Eudamidas
574 3731 612 3796 ab
646 3731 781 3815 ephoris,
809 3737 845 3796 ut
867 3731 1045 3801 Phoebidas
1068 3732 1108 3796 ad
1133 3752 1167 3797 se
1191 3732 1328 3797 adducat

208 3844 275 3918 τοὺς
309 3843 551 3923 ὑπολειπομένους
584 3846 640 3908 τῶν
671 3842 763 3918 έοιυτῷ
795 3843 1056 3924 προστεταγμένων
1086 3847 1116 3928 (ξ
1140 3848 1202 3928 24),
1231 3847 1330 3931 idque

208 3959 404 4025 Phoebidam
435 3961 549 4024 fecisse
580 3961 806 4043 cognoscimus
837 3978 878 4023 ex
901 3960 951 4023 his
973 3959 1081 4024 verbis
1107 3961 1138 4042 (ξ
1163 3961 1233 4041 25);
1258 3959 1272 4023 o‘
1296 3959 1328 4024 a

211 4073 366 4152 Φοιβίδος,
390 4071 453 4136 ἐπεὶ
477 4071 659 4153 ἠθροίσθησαν
683 4073 762 4152 aare
784 4071 808 4136 οἱ
831 4071 1052 4153 ὑπολειφθέντες
1075 4077 1124 4138 τοὺ
1143 4073 1327 4153 Εὑδοιμίδου,

210 4188 313 4266 λοιβὺν
344 4186 448 4260 οεὺτοὺς
479 4184 632 4267 ἐπορεύετο.
663 4187 766 4270 Atqui
790 4185 814 4250 οἱ
836 4184 1057 4266 ὑπολειφθέντες
1079 4191 1130 4251 τοὺ
1153 4186 1330 4267 Εὑδοιμίδον

210 4307 241 4367 et
252 4301 285 4381 ,οἱ
305 4298 523 4380 ὑπολειπόμενοι
541 4302 598 4364 τῶν
617 4298 781 4382 Εὑδιιμίδιρ
799 4298 1063 4380 προστεταγμένον
1082 4301 1165 4365 nulii
1184 4301 1239 4365 alii
1259 4321 1329 4367 esse

1199 4411 1232 4462 24
