3352 5260
834 573 896 636 190

298 761 333 823 in
360 761 503 844 margine
527 759 628 824 luisse
651 758 842 842 adscriptam
864 776 884 821 a
905 758 1032 839 lectore,
1055 758 1109 821 cui
1131 757 1289 821 eiusmodi
1314 756 1420 821 obser-

299 874 385 937 vatio
408 878 503 937 acuta
524 872 694 956 lepidaque
716 871 887 935 videratur.

343 985 369 1069 1,
394 987 443 1050 16.
466 986 556 1049 ἐκεῖνο
574 984 606 1048 δὲ
625 984 697 1061 ἡμῖν
715 983 746 1047 πῖ
761 983 899 1064 φαίνεται
918 980 1026 1046 θπθταν
1037 980 1144 1062 θροῖιιθν
1155 1006 1236 1054 τινας
1248 982 1419 1061 ἐπιστήμαις

300 1099 355 1178 μὲν
384 1096 511 1179 ἔχοντας
540 1097 591 1162 καῖ
620 1097 772 1178 αῖφορμοὶς,
803 1097 862 1177 ἀφ’
893 1091 930 1160 ὧν
952 1095 1092 1161 δύναντα
1114 1095 1301 1178 ἐργαζόμενοι
1323 1093 1421 1172 αὔξειν

299 1212 366 1285 τοὺς
399 1209 498 1285 οἴκους,
529 1209 734 1288 αἰσθανώμεθα
764 1207 795 1274 δὲ
825 1208 934 1282 αὐτοὺς
963 1212 1064 1275 ταῦτα
1096 1207 1140 1287 ula
1163 1209 1299 1283 θέλοντας
1321 1216 1420 1284 ποιεῖν,

300 1323 352 1390 καῖ
387 1324 435 1390 διθι
464 1329 550 1390 τοῦτο
579 1323 686 1405 θροῖμεν
715 1323 881 1404 ἀνωφελεῖς
912 1320 1001 1395 οὔσας
1029 1323 1149 1394 αὐτοῖς.
1164 1369 1172 1386 .
1186 1370 1215 1386 ..
1241 1323 1319 1389 Post
1342 1325 1420 1390 hacc

300 1438 397 1505 verba
427 1440 553 1524 legitur,
581 1437 614 1502 id
638 1435 725 1522 quod
747 1437 835 1502 haud
858 1435 954 1501 dubia
976 1455 1163 1522 perversum
1186 1441 1253 1502 est:
1277 1436 1334 1509 τοῖς
1356 1437 1420 1501 ε’πι-

300 1551 431 1628 οσθμαι.
456 1551 555 1618 Istius
579 1551 666 1615 modi
686 1553 771 1614 onim
791 1548 976 1614 hominibus
995 1568 1061 1614 non
1080 1549 1184 1614 solum
1204 1549 1237 1613 αῖ
1248 1550 1420 1628 ἐπιστῆμαι,

302 1665 360 1730 sed
392 1666 488 1728 etiam
521 1663 554 1728 αῖ
581 1662 719 1742 οῖΦορμαῖ
745 1664 878 1729 inutiles
908 1667 993 1728 sunt
1023 1661 1121 1728 Recte
1154 1682 1229 1748 ergo
1259 1666 1420 1748 sequitur:

301 1774 377 1842 ἄλλο
407 1799 436 1841 τι
465 1773 482 1850 ἢ
511 1774 621 1849 τούτοις
647 1769 687 1839 αὗ
710 1773 775 1840 οὔτε
796 1775 827 1840 αἱ
849 1777 1012 1855 ἐπιστῆμαι
1034 1775 1182 1856 χρήματα
1204 1776 1273 1840 εἰσιν
1295 1774 1361 1842 οὔτε
1382 1775 1423 1841 ποῖ

302 1888 457 1967 κτήματα,
489 1893 522 1954 in
555 1889 674 1974 quibus
704 1889 745 1955 ποῖ
774 1891 921 1967 νοήματα
949 1911 1081 1976 prorsus
1104 1892 1188 1956 idem
1212 1897 1260 1957 est
1282 1893 1369 1977 quod
1391 1891 1424 1956 αῖ

301 2004 447 2085 οῖφορμαῖ.
473 2003 631 2080 Quoniam
654 2023 730 2069 vero
751 2004 862 2069 doletis
885 2005 990 2069 vorbis
1007 2002 1064 2076 τὰς
1082 2005 1252 2082 ἐπιστήμας
1266 2007 1422 2071 sententia

302 2118 397 2202 paulo
427 2117 518 2182 fieret
547 2117 720 2200 obsonator,
742 2136 800 2201 pro
824 2119 865 2182 iis
886 2117 1059 2202 legendum
1081 2137 1152 2183 osae
1173 2137 1287 2183 censeo
1309 2116 1423 2191 ναύτας

301 2231 353 2294 vel
382 2228 508 2302 ἐκεῖναςε
534 2230 628 2294 facile
650 2232 735 2294 enim
758 2229 829 2296 fieri
851 2231 964 2314 potnit,
989 2235 1024 2295 ut
1047 2231 1205 2296 eiusmodi
1228 2231 1421 2296 vocabulum

303 2345 508 2408 annotatione
531 2343 640 2426 aliqua
662 2343 732 2406 loco
756 2348 946 2408 moveretur.

350 2457 379 2538 1,
412 2456 461 2520 18.
493 2453 579 2530 Quid
608 2456 668 2520 hoc
697 2456 768 2520 loco
794 2455 908 2521 faciam
930 2457 1071 2540 ingenue
1092 2455 1194 2520 fatcor
1215 2476 1267 2521 me
1290 2457 1422 2522 nescire.

305 2568 396 2634 Certe
418 2568 515 2634 verba
537 2573 625 2633 ποιεῖν
647 2567 816 2646 βουλόμενοι
835 2567 892 2647 αφ’
914 2562 950 2632 ὦν
970 2564 1064 2648 ἔχοιεν
1083 2565 1423 2654 θναθοθθθςθσοῖναθοθ)

303 2687 424 2747 certare
454 2683 607 2748 videntur
635 2701 710 2747 oum
740 2682 1020 2766 praecedentibus:
1047 2684 1125 2747 satis
1148 2683 1234 2746 enim
1256 2685 1423 2768 perspicue

304 2794 497 2880 significavit
529 2793 722 2878 Cn‘tobulus,
753 2814 788 2860 se
816 2795 856 2860 de
882 2795 1067 2860 hominibus
1090 2797 1238 2880 cogitare,
1261 2797 1318 2880 qui
1341 2816 1423 2881 opus

302 2908 407 2973 faeere
429 2907 531 2973 ααθὶαθ
554 2909 584 2992 (ᾗ
609 2909 649 2971 16
673 2911 773 2972 παῦπα
796 2906 840 2987 μθ
863 2906 1000 2982 θέλοντας
1023 2913 1120 2981 ποιεῖν,
1144 2909 1163 2992 5
1185 2909 1225 2972 17
1248 2907 1424 2982 ταύταςοῦιι

302 3019 453 3093 ἐθέλοντας
475 3018 668 3104 ἐργάζεσθαι).
690 3021 744 3085 An
766 3041 953 3088 censeamus
978 3022 1116 3088 Socratis
1138 3023 1245 3088 verbis
1264 3042 1334 3088 eam
1354 3043 1425 3089 sen-

304 3136 436 3199 tentiam
461 3133 603 3217 subesse,
627 3139 664 3199 ut
687 3153 733 3217 ea,
756 3155 838 3218 quae
859 3134 1042 3200 Critobulus
1062 3136 1154 3218 dixit,
1172 3137 1249 3200 dum
1260 3138 1301 3200 iis
1314 3138 1424 3220 utitur,

304 3249 402 3313 simul
434 3249 581 3331 configat,
612 3253 644 3312 et
673 3249 717 3312 ita
739 3247 805 3313 fore
827 3255 995 3333 loquatur:
1022 3253 1084 3330 „tu
1108 3249 1237 3332 quidem
1261 3248 1424 3314 Critobulo

304 3363 384 3426 istos
406 3361 553 3426 homines
576 3380 657 3445 opus
680 3361 784 3426 facere
805 3360 885 3426 nolle
908 3360 1051 3426 dicebas:
1076 3366 1109 3426 at
1131 3380 1190 3446 ego
1208 3381 1263 3427 eos
1282 3361 1424 3427 oollased

304 3491 369 3537 ααα
389 3493 478 3553 posse
501 3472 671 3537 affirmo’'?
695 3472 768 3538 Non
792 3475 968 3540 absurdum
986 3453 1025 3539 ‘id
1049 3475 1178 3559 quidem
1201 3481 1257 3541 eet.

347 3587 373 3670 I,
396 3588 415 3671 ξ
437 3587 576 3650 19-23,
597 3585 793 3671 Cupiditates
812 3607 992 3672 pravosque
1011 3608 1115 3654 mores
1127 3588 1272 3654 Socrates
1283 3591 1422 3674 primum

304 3697 451 3772 δεσπότας
481 3699 627 3783 appellat,
655 3705 822 3784 propterea
852 3701 939 3785 quod
969 3707 1001 3766 et
1024 3700 1209 3766 Critobulus
1231 3703 1266 3766 in
1289 3703 1423 3767 interro-

304 3813 408 3898 gando
430 3812 602 3877 masculini
631 3815 758 3896 generis
782 3813 936 3879 vocabulo
963 3834 1042 3880 usus
1065 3821 1139 3880 erat.
1163 3815 1226 3881 Sed
1248 3817 1367 3882 rectius
1389 3819 1425 3881 in

306 3931 410 3990 cetera
441 3925 710 3991 demonstratione
739 3945 793 3992 aas
820 3946 896 3991 oum
918 3925 1080 4000 δεσποίναις
1103 3935 1281 4013 comparat:
1305 3932 1423 3996 rectius

306 4039 386 4120 dico,
420 4037 593 4102 dummodo
627 4038 689 4104 sibi
722 4043 853 4104 constet
884 4038 981 4104 Nunc
1012 4040 1031 4122 ξ
1062 4041 1104 4105 20
1135 4042 1254 4127 legitur
1275 4038 1369 4106 οῖιααι
1392 4042 1425 4107 δὲ

304 4151 360 4215 εἶσί
388 4173 461 4223 τινες
491 4150 649 4224 αἰπαονλαῖ
681 4150 837 4225 δέσποιναι,
869 4153 888 4235 §
920 4155 962 4217 23
990 4152 1023 4218 αἱ
1051 4153 1082 4218 δὲ
1109 4158 1243 4220 τοιαῦται
1266 4154 1422 4229 δέσποιναι,

305 4265 362 4330 sed
393 4265 412 4346 ἓ
444 4265 486 4328 22
517 4261 596 4328 ποίνν
625 4287 663 4342 γε
688 4267 833 4342 χαλεπῶν
855 4263 1002 4330 δεσποτῶν
1024 4272 1063 4350 et,
1085 4268 1172 4351 qood
1193 4270 1303 4334 minos
1324 4271 1421 4336 ctiam
