3348 5262
745 615 808 677 285

252 797 295 880 Π,
324 798 353 860 6.
387 798 573 880 Thrasyllus
607 797 773 882 Ephesum
809 800 882 864 vela
916 800 986 882 dat3
1027 802 1113 885 quod
1149 802 1208 866 ubi
1240 804 1341 868 sensit

208 909 444 995 Tissaphernes,
477 932 609 996 magnas
641 915 801 978 contraxit
831 916 947 998 copias,
982 919 1227 1000 equitatumque
1250 936 1341 1000 prae·

211 1025 299 1088 misit
321 1023 539 1103 παραγγέλλων
559 1029 650 1088 πᾶσιν
668 1025 708 1098 εἷς
728 1023 998 1106 ’ἵΕΦεσονβοηύεῖν
1018 1036 1054 1109 τῇ
1067 1027 1229 1109 Ἀρτέμιδι.
1245 1029 1338 1106 Quod

212 1155 309 1219 supra
349 1136 503 1220 dicebam,
540 1157 607 1202 non
641 1157 768 1223 semper
801 1141 918 1205 inutile
953 1147 1023 1206 esse
1056 1144 1339 1227 interpolationum
1415 1148 1416 1152 ’

211 1248 425 1315 tollendarum
456 1252 613 1334 studium,
641 1251 815 1317 dummodo
846 1254 946 1319 lector
979 1258 1094 1320 sentiat
1117 1256 1215 1321 verba
1239 1259 1339 1321 eiecta

213 1363 389 1426 sententiae
412 1368 560 1427 naturam
584 1383 797 1449 corrumpere,
816 1367 885 1430 eius
906 1369 954 1431 rei
972 1368 1025 1431 hic
1045 1369 1224 1452 periculum
1237 1368 1341 1433 facere

212 1475 294 1540 licet
313 1474 387 1539 Non
407 1478 492 1540 enim
513 1496 711 1561 quemquam
735 1478 838 1560 crede,
857 1478 955 1543 verbo
969 1481 1136 1564 monitum,
1149 1486 1341 1565 negaturum

214 1608 285 1653 esse
318 1589 405 1653 istud
437 1589 476 1661 εἷς
508 1585 642 1670 Ἔφεσον
668 1610 796 1655 omnem
821 1592 886 1655 vim
912 1595 963 1655 τοῦ
987 1591 1248 1672 παραγγέλματος
1271 1613 1343 1678 pes·

215 1702 373 1766 sumdare.
401 1702 448 1766 Eo
472 1708 579 1768 autem
603 1706 702 1769 eiecto
729 1706 893 1789 aptissima
915 1706 1136 1770 adhortatione
1159 1708 1200 1772 ad
1223 1708 1342 1772 milites

214 1817 263 1880 uti
291 1815 532 1900 Tissaphernem
565 1820 704 1902 quisque
734 1817 866 1882 videbit.
891 1816 1036 1883 Conferri
1058 1825 1162 1904 potest
1183 1820 1342 1904 lepidissi-

214 1949 289 1994 mus
318 1948 433 1994 versus
464 1948 506 1993 ex
527 1929 753 2015 Aristophanis
777 1931 1054 2015 Acharnensibus‚
1077 1932 1134 1996 uhi
1159 1933 1198 1997 de
1220 1933 1342 1998 Sadoco

214 2042 451 2108 adolescentulo
473 2043 615 2128 Thracio,
639 2046 696 2128 qui
720 2046 905 2128 nuperrime
925 2046 1052 2110 civitate
1071 2045 1263 2112 Atheniensi
1275 2051 1343 2112 erat

216 2155 364 2240 donatus,
382 2157 500 2221 dicitur

399 2376 449 2442 nai
470 2378 519 2442 οδν
542 2377 645 2460 πατέρ’
670 2377 821 2456 ἠντεβόλει
844 2379 960 2457 βοηθεῖν
982 2387 1019 2461 τῇ
1045 2378 1154 2464 adria.

260 2614 366 2699 Caput
398 2614 457 2698 ΠΙ,
488 2614 537 2677 ll.
570 2612 767 2696 Φαρνάβαζος
799 2615 825 2678 δ’
857 2611 945 2689 ἀξιῶν
975 2615 1032 2678 δεῖν
1054 2615 1187 2679 κακεῖνον
1211 2613 1339 2693 ὀμνύναι.

216 2727 283 2791 Vix
312 2729 392 2791 mihi
420 2729 597 2811 persuadeo
624 2748 690 2792 non
715 2748 785 2793 esse
810 2712 1084 2812 supervacaneum
1109 2729 1246 2793 verbum
1272 2729 1342 2793 δεῖν.

217 2839 350 2905 Confero
374 2843 461 2904 enim
479 2843 567 2905 hunc
584 2841 692 2905 locum
713 2841 806 2924 (Hell.
826 2842 900 2926 VH,
922 2844 951 2926 4,
972 2842 1040 2924 10):
1065 2841 1089 2905 οἱ
1101 2839 1199 2918 μέντοι
1212 2841 1341 2919 Θηβαῖοι

216 2950 310 3028 ἠξίουν
332 2953 437 3026 αὐτοὺς
460 2953 513 3018 καὶ
537 2954 722 3034 συμμαχίαν
746 2953 876 3032 ὀμνύναι.

260 3067 320 3150 ΠΙ,
345 3069 395 3131 18.
418 3065 482 3131 ἐπεὶ
506 3066 533 3130 δ’
556 3063 729 3141 ἐξέπλευσεν
747 3067 760 3130 ὅ
781 3066 936 3148 Κλέαρχος
957 3067 981 3131 οἷ
999 3067 1176 3148 προδιδόντες
1196 3064 1346 3140 τδνοιύλιν
1419 3047 1422 3053 ’

216 3184 273 3244 τῶν
294 3178 478 3260 Βυζαντίον.
568 3183 708 3245 narratio
729 3201 812 3265 quae
830 3183 881 3245 hic
901 3183 1084 3247 instituitur
1104 3182 1279 3246 admodum
1298 3187 1356 3246 est·

218 3294 352 3358 confusa
374 3297 406 3358 et
435 3293 569 3359 turbata.
593 3293 722 3358 Etenim
745 3300 818 3378 post
840 3294 940 3360 verba
966 3297 1062 3359 citata
1084 3298 1217 3360 nomina
1238 3295 1346 3379 prodi-

217 3411 323 3472 torum
347 3412 592 3472 enumerantur:
617 3405 716 3471 Κύδων
740 3404 792 3471 καὶ
816 3406 956 3488 Ἀρίστων
980 3406 1032 3471 καὶ
1056 3404 1271 3488 Ἀναξιαρύτνς
1294 3404 1346 3471 καὶ

217 3522 384 3600 Λυκοῦργος
417 3518 469 3584 καὶ
502 3516 689 3594 Ἀναξίλαος.
722 3521 802 3585 Tum
833 3522 987 3586 Anaxilai
1019 3523 1142 3586 nomini
1165 3522 1347 3586 annectitur

217 3635 374 3699 sententia
403 3633 544 3718 relativa,
576 3655 648 3719 qua,
680 3636 840 3718 quomodo
879 3655 913 3700 se
936 3635 992 3699 ille
1014 3636 1049 3698 in
1071 3636 1192 3699 iudicio
1216 3634 1347 3718 Spartae

217 3748 326 3812 habito
350 3747 526 3814 defenderit
548 3753 580 3812 et
602 3768 701 3832 quare
726 3750 767 3813 sit
790 3748 970 3831 absolutus,
990 3749 1138 3814 traditur.
1158 3748 1236 3813 Post
1255 3747 1342 3812 iilam

217 3864 434 3926 narrationem
457 3881 541 3926 nova
561 3863 719 3926 sententia
735 3864 993 3927 aconiunctione
1005 3859 1070 3926 ἐπεὶ
1081 3863 1203 3946 incipit,
1216 3879 1346 3946 quaque

218 3977 341 4041 ratione
372 3976 549 4060 proditores
577 3975 791 4040 Athenienses
821 3977 856 4038 in
890 3976 1003 4042 urbem
1026 3976 1266 4040 introduxerint
1291 3994 1348 4039 ex·

219 4092 356 4174 ponitur.
388 4088 555 4172 Quidquid
585 4090 697 4153 dicunt
724 4090 922 4173 interpretes,
951 4108 1017 4153 non
1048 4109 1182 4173 possum
1215 4088 1344 4153 credere

218 4204 325 4287 ipsum
354 4201 604 4286 Xenophontem
632 4207 698 4266 tam
720 4201 852 4266 confuse
876 4206 908 4266 et
930 4200 1065 4265 obscure
1090 4202 1264 4284 scripsisse,
1288 4199 1346 4265 sed

218 4317 375 4382 excidisse
406 4317 571 4401 quaedam,
603 4317 860 4401 sententiamque
891 4316 938 4380 sic
968 4314 1033 4381 fere
1056 4314 1249 4399 explendam
1277 4325 1346 4379 esse
