3348 5262
879 624 943 687 226

347 809 540 892 laudantem,
565 809 615 874 vel
638 813 702 872 tam
726 808 897 893 impudens
921 813 953 872 et
974 806 1013 872 ab
1037 809 1124 872 omni
1143 809 1351 873 humanitatis
1370 829 1469 875 sensu

347 927 499 1004 remotus,
531 927 567 986 ut
598 942 662 1007 qua
692 923 831 1006 imagine
861 920 1046 985 Platonicus
1068 921 1250 986 Alcibiades
1273 942 1354 986 usus
1377 928 1471 1005 esset,

348 1055 444 1119 quam
478 1045 640 1120 tamquam
676 1040 920 1100 monumentum
955 1054 1027 1099 aere
1061 1037 1235 1119 perennius
1264 1037 1298 1099 in
1330 1036 1498 1104 Socratis,

348 1148 501 1213 honorem
530 1150 682 1233 exigeret,
705 1149 838 1212 eandem
862 1148 914 1212 rel
938 1149 1007 1213 eius
1032 1148 1168 1212 similem
1192 1147 1472 1232 Critobu10,vano

347 1262 478 1343 homini,
510 1260 674 1344 tribueret,
705 1261 744 1325 ad
767 1261 909 1326 insulsos
933 1261 971 1325 de
995 1260 1122 1326 Socrate
1145 1263 1319 1327 movendos
1342 1264 1471 1328 daubin-

347 1374 430 1438 nos?
452 1375 571 1438 Tamen
594 1379 624 1439 et
648 1374 732 1458 apud
754 1373 1010 1457 Xenophontem,
1030 1380 1197 1459 postquam
1218 1374 1363 1440 Socrates
1377 1377 1470 1459 dixit,

348 1506 421 1552 eum
455 1489 499 1552 ita
532 1487 643 1552 laudat
673 1488 827 1569 Autolyci
856 1492 962 1571 pater:
998 1485 1030 1558 νὴ
1056 1485 1108 1559 τὴν
1133 1483 1237 1567 Ἥραν,
1261 1481 1282 1549 ὦ
1304 1488 1470 1569 Σώκρατες,

346 1599 437 1672 καλός
471 1624 508 1678 γε
541 1600 671 1678 κάγαθὸς
701 1600 794 1669 δοκεῖς
826 1623 875 1678 μοι
909 1599 1052 1680 ἀνάραπος
1075 1592 1156 1673 εἶναι,
1180 1605 1211 1665 et
1235 1599 1428 1685 CritobuluS,
1453 1623 1472 1666 a

347 1714 476 1780 Socrate
510 1720 657 1799 rogatus:
696 1735 763 1795 „an
797 1719 828 1779 et
858 1733 910 1779 me
939 1713 1107 1777 formosior
1138 1712 1197 1777 tibi
1227 1732 1297 1778 esse
1319 1713 1471 1797 videris'',

347 1828 539 1912 respondere
563 1847 630 1892 non
653 1832 797 1892 veretur:
825 1825 900 1908 ,Nl
926 1824 996 1898 Δία,
1020 1822 1037 1898 ἢ
1061 1823 1178 1889 πάντων
1200 1823 1344 1900 Σειιιήναν
1363 1829 1420 1889 τῶν
1439 1826 1472 1888 ἐν

346 1947 409 2014 τοῖς
432 1948 594 2022 σατυρικοῖς
618 1937 772 2020 αἴσχιστος
796 1939 832 2004 ἀν
855 1936 945 2013 sinn?

390 2507 470 2570 Inde
493 2527 512 2570 a
539 2507 657 2570 renatis
681 2505 796 2569 studiis
823 2504 1068 2569 humanioribus
1091 2506 1148 2568 vix
1171 2505 1268 2568 ullam
1293 2504 1377 2568 inter
1399 2504 1470 2588 phi-

347 2620 467 2703 lologos
503 2619 596 2683 oredo
633 2623 732 2682 ortam
768 2637 838 2682 esse
869 2619 1126 2700 controversiam,
1158 2637 1240 2700 quae
1270 2622 1316 2709 tot
1338 2622 1470 2701 tamque

345 2732 498 2817 gravibus
530 2736 637 2815 posset
668 2731 775 2795 dirimi
803 2735 834 2794 et
855 2730 1017 2815 profligari
1041 2732 1245 2814 argumentis,
1270 2716 1367 2817 quam
1390 2731 1469 2794 haee

347 2846 385 2911 de
407 2844 642 2929 Xenophonteo
666 2843 896 2927 Platoniooque
918 2827 1082 2907 Convivis.
1103 2843 1186 2907 Nam
1206 2862 1271 2906 nou
1292 2843 1396 2908 solum
1409 2862 1469 2907 sex

345 2960 401 3023 illa
424 2963 621 3048 argumenta,
644 2976 726 3040 quae
750 2957 843 3021 modo
868 2959 1061 3038 enumeravi,
1082 2957 1238 3020 eiusmodi
1258 2960 1390 3038 sunt,ut
1403 2975 1468 3040 quo

347 3073 470 3136 diutius
504 3077 610 3136 tecum
646 3071 684 3135 de
714 3072 754 3134 iis
785 3069 950 3153 delibatae,
972 3089 1008 3134 eo
1031 3071 1105 3154 plus
1128 3070 1277 3153 ponderis
1299 3071 1340 3134 iis
1362 3071 1470 3134 inesse

346 3187 474 3269 penitus
499 3186 627 3266 sentias,
651 3183 706 3247 sed
731 3185 827 3246 etiam
850 3183 910 3246 hoe
933 3183 1062 3266 aceedit,
1082 3183 1167 3266 quod
1187 3182 1326 3267 proiecto
1343 3184 1469 3248 rarissi-

347 3318 434 3362 mum
460 3301 517 3380 est,
540 3302 577 3360 ut
600 3315 617 3360 e
640 3300 753 3360 neutro
778 3294 932 3358 Convivio
956 3295 1042 3360 ullus
1061 3297 1101 3360 iis
1120 3295 1210 3359 loeus
1231 3297 1471 3379 opponipossit.

346 3410 429 3474 Novi
454 3410 584 3495 quidem
608 3411 793 3493 saepissime
817 3414 1042 3492 argumentum
1066 3409 1225 3494 quoddam
1249 3408 1363 3492 afferri,
1384 3409 1471 3493 quod

346 3544 420 3588 oum
445 3543 514 3588 mea
539 3523 698 3587 sententia
717 3541 860 3606 pugnare
879 3522 1034 3604 videatur,
1054 3521 1109 3586 sed
1131 3523 1236 3606 speeie
1248 3522 1470 3585 tantummodo

346 3639 429 3702 illud
453 3637 590 3702 alieuius
615 3641 663 3700 est
686 3636 848 3717 momenti,
871 3654 982 3700 revera
1004 3653 1135 3719 prorsus
1158 3635 1238 3698 nihil
1262 3634 1353 3699 valet.

389 3750 556 3836 Leguntur
592 3750 677 3814 enim
708 3748 792 3831 apud
824 3747 1070 3832 Xenophontem
1105 3748 1183 3811 haec
1205 3746 1309 3824 verba,
1332 3767 1468 3830 quorum

347 3872 468 3950 partem
491 3866 555 3929 iam
579 3882 676 3947 supra
699 3863 814 3926 citavi:
839 3859 932 3924 καίτοι
955 3859 1126 3932 Παυσανίας
1151 3883 1187 3938 γε
1207 3859 1219 3923 o‘
1240 3857 1471 3937 Ἀγάθιννοςτοῖι

347 3981 465 4052 ποιητοῦ
489 3975 611 4058 ἐραστὴς
635 3971 871 4052 ἀπολογούμενος
895 3973 963 4054 ὑπὲρ
983 3977 1039 4037 τῶν
1058 3973 1184 4057 ἀκρασία
1205 3972 1471 4052 ε’γκαλινδονμὲναν

345 4089 452 4172 εἴρηκεν
474 4093 511 4164 ἀς
533 4089 584 4155 καὶ
608 4088 781 4170 στράτενμα
803 4087 1011 4165 ἀλκιμώτατον
1035 4088 1071 4155 ἀν
1094 4087 1203 4166 γένοιτο
1226 4088 1259 4152 ἐκ
1277 4088 1417 4152 παιδικῶν
1435 4112 1469 4153 τε

346 4203 394 4268 καὶ
424 4206 592 4285 ἐραστῶν..
608 4251 636 4266 ..
669 4200 721 4266 καὶ
754 4199 898 4282 μαρτύρια
924 4201 956 4265 δὲ
979 4201 1104 4280 ἐπήγετο
1128 4203 1164 4273 ὡς
1188 4205 1289 4266 ταῦτα
1311 4199 1467 4279 ἐγνωκότες

346 4311 399 4379 εἶεν
428 4315 479 4380 καὶ
511 4316 634 4394 Θηβαῖοι
662 4312 713 4379 καὶ
738 4313 845 4378 Ἠλεῖοι
868 4313 929 4378 κτὲ.
954 4314 1098 4380 Concedo
1123 4315 1262 4400 quidem,
1284 4314 1376 4379 facile
1397 4314 1464 4380 fieri
