3348 5262
770 577 836 638 243

239 759 437 837 Quantocius
467 762 590 844 corrige
621 755 688 833 ἧκεν
723 759 785 845 (sc.
809 757 822 824 ὃ
844 758 973 848 λόγος);
999 782 1101 845 quum
1125 781 1166 826 ex
1190 765 1365 827 constituto

238 873 348 937 ordine
370 872 520 956 Philippo
544 872 715 936 dicendum
740 878 833 937 esset.

283 983 339 1067 IV,
363 985 414 1048 60.
437 985 576 1069 Rogavit
597 984 752 1069 Socrates,
776 991 847 1050 uter
864 985 937 1051 leno
957 987 1070 1051 melior
1089 992 1174 1052 esset
1190 985 1204 1049 ό
1222 984 1263 1049 ἑνὶ
1277 983 1365 1050 δοιό-

238 1121 324 1175 μενος
346 1097 483 1179 ἀρεστοὺς
506 1104 593 1163 ποιεῖν
616 1095 633 1171 ἢ
654 1096 733 1170 όστις
753 1096 806 1162 καὶ
826 1105 957 1172 πολλοῖς.
977 1099 1185 1184 Respondent
1205 1100 1260 1163 alii
1279 1100 1366 1172 δῆλον

237 1208 280 1274 ότι
303 1207 382 1282 όστις
403 1210 559 1284 πλείστοις,
583 1212 638 1275 alii
660 1207 739 1274 πάνν
763 1210 818 1288 μὲν
842 1203 898 1274 οὖν.
922 1213 1003 1276 Tum
1028 1217 1211 1296 sequuntur
1233 1213 1327 1278 haec:
1353 1212 1367 1276 ό

238 1323 269 1387 δὲ
293 1324 459 1406 (Socrates)
483 1323 568 1388 εἰπών
591 1321 632 1387 ότι
656 1322 709 1387 καὶ
733 1330 819 1389 τοῦτο
842 1323 1029 1403 ὁμολογεῖται
1052 1325 1122 1406 ἔφη,
1146 1327 1169 1390 εἰ
1193 1325 1224 1390 δέ
1248 1350 1293 1395 τις
1314 1325 1366 1390 καὶ

239 1433 291 1517 όλρ
322 1445 358 1518 τῇ
390 1435 472 1501 πόλει
494 1435 670 1515 ἀρέσκοντας
694 1436 810 1501 δόναιτο
833 1437 1046 1514 ἀποδεικνύναι,
1069 1441 1129 1519 οὐχ
1153 1434 1234 1512 οὖτος
1257 1463 1367 1503 παντε·

239 1555 297 1623 λώς
328 1549 365 1618 ἀν
394 1549 448 1625 ἤδη
480 1552 594 1629 ἀγαθός
616 1553 786 1632 μαστροπὸς
808 1550 869 1628 aim
893 1553 946 1616 Ex
969 1556 1180 1619 convivarum
1204 1556 1367 1638 responsis

240 1665 337 1730 efficit
367 1664 521 1749 Socrates,
549 1666 589 1730 de
611 1666 660 1747 iis,
685 1686 768 1747 qnae
792 1667 926 1730 antehac
949 1667 1041 1749 dixit,
1063 1668 1128 1731 iam
1149 1668 1234 1732 inter
1256 1686 1367 1742 omnes

240 1784 394 1863 constare,
427 1781 447 1844 i.
461 1799 486 1844 e.
519 1779 696 1843 convenisse
730 1781 816 1843 inter
847 1799 967 1862 omnes,
990 1799 1134 1844 oscenses
1155 1800 1219 1844 esse
1243 1800 1364 1844 omnes.

239 1891 321 1956 Tum
348 1893 404 1956 ille
427 1911 563 1956 assensu
587 1893 763 1956 amicornm
788 1912 869 1956 usus
894 1892 1112 1957 demonstrare
1134 1895 1246 1977 pergit.
1268 1893 1367 1957 Totus

240 2024 315 2089 ergo
344 2005 445 2088 locus,
471 2024 565 2088 quem
589 2006 696 2089 citavi,
720 2006 767 2069 sic
790 2005 997 2089 refingendus
1023 2006 1167 2069 videtur:
1192 2004 1206 2068 ό
1228 2005 1259 2068 δὲ
1282 2005 1368 2069 εἰπών

239 2115 282 2182 ότι
309 2116 362 2182 καὶ
389 2122 474 2183 τοῦτο
498 2116 773 2196 ὡμολόγηται,
799 2118 822 2181 εἱ
845 2117 876 2182 δέ
899 2142 953 2190 τις,
980 2115 1050 2198 ἔφη,
1075 2118 1127 2182 καθ
1150 2117 1202 2199 όλρ
1226 2127 1263 2199 τῇ
1286 2119 1368 2182 πόλει

238 2229 414 2312 ἀρέσκοντας
449 2229 563 2294 δώναιτο
596 2229 808 2303 ἀποδεικνύναι,
843 2232 902 2310 οὐχ
936 2225 1016 2303 οὗτος
1052 2236 1206 2304 παντελῶς
1241 2230 1277 2295 ἀν
1312 2229 1366 2304 ἤδη

239 2346 353 2423 ἀγαθός
383 2344 553 2424 μαστροπὸς
584 2341 644 2418 aim
674 2343 759 2408 Nam
788 2351 913 2428 praeter
943 2347 1070 2428 vitium,
1101 2346 1186 2430 quod
1211 2347 1244 2408 in
1271 2345 1366 2410 verbo

240 2458 426 2536 ὁμολογεῖται
449 2463 506 2541 est,
530 2459 627 2523 etiam
651 2454 709 2537 ἔφη
734 2457 804 2521 leco
828 2463 876 2521 est
899 2462 1032 2522 motum.

285 2570 387 2656 Caput
416 2571 457 2653 V,
487 2572 517 2634 4.
549 2570 694 2635 Socrates
724 2572 864 2656 primum
888 2571 1093 2655 demonstrat,
1116 2573 1293 2657 permultas
1316 2591 1367 2636 res

239 2704 318 2768 esse,
350 2704 432 2769 quae
463 2686 612 2769 quamvis
643 2685 708 2749 sint
736 2686 891 2768 diversae,
922 2691 1029 2750 temen
1054 2705 1165 2752 omnes
1189 2683 1284 2749 καλαί
1306 2686 1368 2750 dici

239 2799 380 2884 possint,
405 2803 474 2862 tum
498 2803 605 2882 rogat:
630 2800 692 2869 πώς
715 2790 772 2861 οἷόν
791 2822 824 2862 τε
843 2802 944 2862 ταῦτα
964 2798 1057 2876 μηδὲν
1077 2796 1163 2876 όμοια
1182 2797 1253 2863 ὄντα
1271 2797 1369 2873 ἀλλό-

239 2925 299 2984 λοις
322 2908 424 2976 πιόντα
446 2913 529 2975 καλόν
551 2903 639 2987 εἷναι;
663 2911 848 2996 Respondet
872 2911 1075 2977 Critobulus:
1100 2910 1134 2985 ἢν
1158 2911 1190 2984 νὴ
1217 2911 1277 2975 Δόα
1300 2912 1369 2992 πρός

240 3024 281 3089 τόν
305 3022 376 3106 ἔργα
398 3019 435 3088 ών
458 3022 542 3088 ἕνεκα
565 3021 679 3088 ἕκαστα
699 3025 837 3103 κτώμεθα
860 3017 891 3089 εὖ
915 3024 1095 3105 εἰργασμένα
1119 3021 1146 3105 ᾖ,
1170 3023 1187 3099 ἢ
1213 3018 1245 3088 εὖ
1268 3030 1368 3105 πεφο-

240 3137 314 3202 κότα
347 3139 416 3218 πρὸς
449 3137 470 3202 ἀ
503 3135 540 3202 θον
572 3137 705 3215 δεώμεθα
735 3136 784 3201 καὶ
816 3142 917 3202 ταῦτα
941 3136 1031 3202 καλώ.
1055 3138 1262 3203 Probandum
1285 3143 1370 3204 esset

241 3251 301 3316 hoc
331 3271 531 3336 responsum,
561 3253 589 3316 si
620 3250 765 3316 Socrates
797 3258 920 3316 certum
949 3252 1110 3336 quoddam
1135 3271 1244 3316 rernm
1265 3271 1370 3335 genus

241 3366 435 3452 protulisset,
456 3386 535 3450 quas
554 3366 705 3451 pulchras
724 3366 877 3451 appellari
897 3366 1059 3450 plerisque
1079 3365 1255 3431 absurdum
1268 3366 1371 3431 videri

241 3498 372 3544 necesse
403 3481 452 3563 sit,
483 3479 750 3563 Critobulnmque
780 3484 924 3563 rogasset
954 3500 1033 3543 num
1065 3485 1096 3543 et
1117 3480 1191 3543 illae
1215 3478 1368 3563 pulchrae

241 3597 364 3674 essent,
399 3593 669 3677 quemadmodum
704 3595 773 3678 ipse
806 3592 902 3658 Mem.
938 3593 997 3675 III,
1029 3595 1059 3675 8,
1090 3592 1172 3657 6ab
1196 3592 1361 3676 Aristippo

242 3707 455 3790 interrogatus
491 3726 560 3771 esse
594 3707 726 3770 dicitur:
762 3698 837 3786 ,ἀρ’
874 3699 919 3770 οὗν
955 3704 1009 3770 καὶ
1044 3704 1160 3785 κόφινος
1197 3701 1370 3785 κοπροφόρος

241 3817 332 3882 καλόν
367 3818 466 3893 ε’στι;”
501 3819 585 3884 Nam
620 3824 689 3884 tum
726 3820 854 3884 demum
890 3827 975 3884 recte
1008 3819 1193 3883 Critobulus
1223 3824 1369 3884 uteretur

242 3932 397 4016 particula
415 3931 467 3996 καθ
494 3933 529 3996 in
553 3933 660 3998 verbis
683 3931 732 3996 καὶ
755 3936 856 3996 ταῦτα
880 3928 971 3995 καλό.
995 3931 1101 4015 Nunc,
1126 3932 1278 4015 quoniam
1302 3930 1369 3994 Ori-

241 4045 351 4110 tobulo
376 4046 602 4130 explicandum
625 4052 682 4129 est,
706 4048 762 4130 qui
784 4045 849 4128 fiat,
874 4051 909 4109 ut
932 4064 983 4110 res
1003 4045 1240 4108 diversissimae
1260 4049 1368 4108 tamen

244 4178 354 4224 omnes
372 4158 467 4223 καλαί
484 4179 554 4224 esse
573 4161 705 4244 possint,
720 4158 966 4242 Xenophontem
988 4161 1032 4222 ita
1053 4159 1219 4242 scripsisse
1239 4159 1369 4242 opinor:

241 4269 262 4336 όο
285 4269 322 4336 όιν
346 4271 379 4345 νδ
404 4273 464 4336 Δόα
488 4273 557 4354 πρός
580 4271 621 4336 τόν
642 4269 714 4353 ἔργα
737 4267 774 4335 ών
797 4268 881 4335 ἕνεκα
903 4268 1019 4335 ἕκαστα
1041 4270 1181 4349 κτώμεθα
1202 4262 1233 4333 εὖ
1253 4272 1370 4352 εἰργασ·
