3354 5268
537 1635 701 1712 CAPUT
733 1635 972 1712 TERTIUM.

243 1917 246 1928 .
349 1861 391 1930 lle
417 1861 602 1946 particulae
626 1860 686 1938 utu
710 1861 794 1947 auurl
819 1861 1063 1948 xunuuuoureu
1090 1879 1161 1932 usu.

243 2423 360 2489 Omnes
395 2431 486 2507 artes,
518 2446 600 2510 quae
631 2428 671 2491 ad
698 2428 926 2494 humanitatem
949 2429 1118 2512 pertinent,
1143 2447 1313 2492 commune

198 2539 357 2622 quoddam
381 2540 547 2603 vinculum
571 2540 695 2623 habere,
718 2562 883 2627 nunquam
909 2544 1010 2626 magis
1030 2543 1233 2625 perspicuum
1252 2542 1315 2605 fuit

199 2672 295 2735 quam
315 2659 423 2716 nostra
444 2659 552 2717 aetate.
572 2651 765 2738 Quicunque
785 2657 869 2719 enirn
890 2655 1065 2739 disciplinis
1087 2675 1214 2738 operam
1227 2655 1313 2737 dant,

198 2785 299 2849 quum
323 2767 452 2829 omnino
475 2768 509 2829 in
534 2766 772 2831 demonstrandi
795 2771 925 2860 ratione
942 2788 1006 2831 non
1027 2769 1164 2832 multum
1185 2771 1268 2832 inter
1279 2788 1313 2833 se

196 2879 352 2960 differant,
385 2884 454 2942 tum
490 2880 616 2944 duabus
646 2883 831 2964 praesertim
860 2882 957 2945 rebus
981 2884 1098 2945 mirum
1123 2883 1155 2944 in
1182 2883 1313 2946 modum

197 2994 409 3057 consentiunt.
442 2991 584 3068 Quarum
610 2994 708 3057 altera
730 3000 786 3076 est,
811 2995 897 3078 quod
921 3015 1030 3059 omnes
1054 3014 1142 3059 nunc
1163 2996 1313 3080 physicos

198 3104 401 3188 medicosque
423 3107 600 3188 imitantur,
625 3109 680 3190 qui
699 3108 763 3170 iam
785 3107 857 3171 olim
870 3109 1083 3172 instrumenta
1095 3109 1156 3172 sibi
1168 3109 1313 3172 facienda

197 3224 359 3295 curarunt,
395 3219 513 3302 quibus
547 3220 580 3283 id
614 3221 837 3303 discernerent,
872 3222 958 3305 quod
994 3223 1170 3286 humanum
1207 3224 1314 3287 visum

197 3332 366 3416 effugeret:
399 3333 488 3397 nulla
518 3335 581 3397 iarn
607 3333 773 3418 disciplina
795 3341 852 3417 est,
875 3337 909 3398 in
931 3357 996 3419 qua
1018 3357 1083 3400 non
1105 3336 1138 3400 ul
1161 3336 1201 3399 τὰ
1224 3335 1314 3416 μικρὰ

197 3453 315 3510 σκοπεῖν
338 3447 512 3530 plurimum
535 3447 640 3512 valere
663 3451 880 3531 existimatum
901 3470 976 3534 ergo
998 3451 1083 3534 quod
1103 3471 1122 3513 a
1141 3450 1313 3514 maioribus

196 3561 417 3645 negligebatur
440 3567 472 3625 et
490 3562 751 3626 contemnebatur
770 3583 858 3628 nuno
879 3584 1005 3628 summa
1024 3585 1100 3628 cura
1113 3565 1314 3647 protrahitur,

196 3676 366 3759 colligitur,
397 3682 593 3739 asservatur:
627 3675 752 3739 nullum
781 3681 844 3740 tarn
869 3682 965 3742 tenue
988 3679 1143 3741 indicium
1169 3681 1225 3758 est,
1249 3697 1312 3760 quo

196 3807 262 3851 non
292 3787 462 3872 aliquando
494 3807 527 3852 se
558 3789 605 3850 uti
628 3807 722 3871 posse
745 3791 807 3852 viri
831 3789 915 3853 docti
938 3789 1105 3853 confidant.
1128 3790 1239 3853 Altera
1261 3805 1312 3853 res
1374 3801 1376 3806 '

198 3906 246 3966 est
270 3902 356 3985 quod
381 3902 668 3965 diversissimarum
693 3904 808 3966 artium
831 3903 966 3967 studiosi
983 3902 1231 3987 saepiuseadem
1245 3909 1313 3967 arte

198 4017 284 4080 socia
316 4019 460 4097 utuntur,
495 4017 588 4079 curius
623 4035 711 4080 nunc
744 4035 860 4080 nomen
890 4018 923 4079 in
956 4037 1081 4080 summo
1104 4017 1224 4081 honore
1247 4022 1311 4098 est3

200 4128 400 4211 „stetistica”
426 4131 509 4192 enirn
534 4130 725 4213 appellatur:
751 4151 946 4214 quamquam
969 4151 1080 4214 parum
1104 4137 1189 4196 recto
1211 4132 1312 4196 eihoo

197 4261 313 4318 nomen
334 4243 436 4326 datur,
460 4245 588 4306 namin
609 4245 806 4308 numerando
827 4245 927 4327 magis
946 4263 1042 4327 quam
1061 4245 1095 4306 in
1107 4244 1311 4328 ponderando

195 4364 348 4421 versatur.
370 4356 417 4421 Ea
440 4377 492 4422 ars
517 4357 594 4441 quid
619 4357 680 4422 sibi
703 4358 782 4422 velit
801 4359 930 4422 minimo
950 4377 1030 4441 opus
1050 4364 1098 4422 est
1118 4359 1169 4421 hic
1182 4358 1312 4423 docere:
