3348 5262
752 615 814 677 241

258 796 363 862 Nemo
398 801 484 863 enim
518 800 579 882 hio,
610 801 735 864 etiamsi
767 806 906 868 metrum
936 803 1141 886 permitteret,
1172 802 1341 867 lectionem

215 910 308 987 μηδὲν
331 909 368 974 ιἰν
392 911 459 992 δριῖν
481 912 637 996 probaret.
713 995 718 1002 ⁴

258 1024 304 1089 Ib.
334 1025 534 1090 Laudaverat
564 1026 734 1092 Niceratus
765 1027 863 1092 verba
885 1027 1070 1092 Homerica:
1091 1025 1141 1092 ἐπὶ
1165 1028 1196 1092 δὲ
1220 1026 1341 1109 κρόμυον

211 1139 290 1218 ποτῷ
321 1136 402 1218 ἕψον.
435 1138 591 1204 Observat
621 1143 719 1225 igitur
750 1140 917 1205 Socrates:
941 1139 1011 1220 ὄψιν
1035 1141 1089 1218 μὲν
1112 1140 1170 1221 γὰρ
1194 1141 1229 1214 δὴ
1252 1139 1339 1214 ὄντας

212 1248 300 1315 ἔοικεν
319 1244 399 1324 εἶναι,
420 1253 457 1324 cia
477 1250 626 1333 κρόμμυόν
645 1277 682 1330 γε
702 1255 732 1317 αἰ
754 1251 840 1331 μόνον
860 1260 940 1317 σῖτον
958 1253 1042 1317 aare
1061 1251 1113 1317 nai
1135 1255 1222 1318 ποτὸν
1236 1254 1339 1327 ἡδύνει.

214 1363 335 1430 Locum
367 1385 464 1430 sensu
495 1386 622 1430 cassum
651 1369 698 1431 sio
721 1367 944 1452 refingendum
969 1387 1039 1433 esse
1061 1371 1187 1433 censuit
1209 1369 1340 1434 Sohnei·

214 1477 327 1542 derus:
362 1476 433 1558 ὅφιν
467 1478 522 1556 μὲν
556 1477 613 1559 γὰρ
647 1479 682 1552 δὴ
714 1476 802 1552 οὕτως
837 1480 926 1564 (lege
956 1477 1063 1566 ὄντας)
1097 1478 1184 1545 ἔοικεν
1214 1475 1341 1545 εἶναιτὸ

214 1590 371 1672 κρόμμυον,
403 1589 474 1664 dare
504 1593 535 1656 od
568 1591 653 1670 μόνον
683 1594 770 1656 ποτὸν
800 1593 885 1656 ἄλλα
915 1591 967 1657 καὶ
999 1600 1080 1657 σῖτον
1103 1593 1220 1666 ἡδύνειν.
1246 1594 1341 1658 Hanc

215 1709 405 1770 sententiam
427 1708 548 1791 requiri
569 1726 662 1771 nemo
684 1727 800 1791 negare
811 1712 926 1791 potest,
939 1707 994 1771 sed
1007 1707 1126 1771 habent
1137 1708 1197 1771 hoo
1209 1708 1341 1772 Schnei-

215 1821 364 1885 derianae
383 1822 595 1903 coniecturae,
616 1826 652 1884 ut
671 1841 690 1884 a
707 1819 934 1904 Xenophontis
946 1820 1122 1885 editoribus
1135 1821 1341 1905 negligantur

214 1953 280 1997 non
311 1935 419 1998 minus
451 1955 547 2018 quam
578 1934 769 1999 Reishianae
792 1934 831 1998 ab
855 1937 904 2018 iis,
930 1937 986 2018 qui
1011 1933 1200 1999 Oratoribus
1224 1936 1340 2000 Atticis

215 2066 342 2131 operam
368 2048 452 2112 dant.
476 2047 559 2112 hiira
582 2068 633 2112 res
657 2053 705 2113 est
728 2048 784 2112 sed
809 2068 893 2113 vera.
958 2072 961 2078 ·

257 2159 296 2223 In
327 2162 367 2224 iis
399 2179 482 2244 quae
514 2162 621 2224 statim
654 2166 853 2244 sequuntur:
886 2160 909 2223 εἰ
941 2160 972 2224 δὲ
1003 2159 1037 2233 δὴ
1069 2165 1154 2225 ταῦτα
1184 2159 1236 2226 καὶ
1260 2161 1341 2240 μετὰ

213 2273 326 2338 δεῖπνον
349 2270 526 2354 τραξόμεθα,
551 2270 628 2346 ὅπως
651 2273 695 2351 μὴ
718 2273 807 2355 Φὴσει
830 2297 874 2346 τις
901 2273 983 2350 ἡμᾶς
1002 2274 1070 2355 πρὸς
1090 2275 1225 2338 Καλλίαν
1243 2274 1340 2339 ἐλθόν-

212 2410 268 2458 τας
298 2386 465 2460 ἡδυπαθεῖν,
495 2387 650 2452 voeabula
673 2387 696 2452 εἰ
719 2387 751 2451 δὲ
773 2388 807 2462 δὴ
833 2390 1026 2452 sententiam
1050 2388 1166 2453 habere
1190 2390 1341 2453 videntur

211 2500 400 2565 Latinorum
435 2501 541 2586 „quid
573 2501 646 2566 sin’
677 2502 751 2566 Non
782 2509 889 2567 tamen
920 2504 1051 2566 memini
1075 2521 1126 2566 me
1151 2521 1189 2566 ea
1212 2507 1243 2566 et
1265 2503 1342 2566 ahbi

213 2617 259 2680 sio
282 2617 386 2700 posita
407 2615 519 2700 legere.

256 2728 313 2806 IV,
345 2730 395 2792 12.
427 2732 479 2792 νῦνΙ
505 2726 563 2808 γὰρ
586 2728 643 2806 ἐγὼ
669 2727 865 2806 (Critobulus
887 2730 1005 2812 inquit)
1030 2725 1161 2791 Κλεινίαν
1185 2724 1262 2800 ἡδιιν
1285 2725 1340 2802 μὲν

213 2843 322 2920 θεῶμαι
352 2839 369 2916 ἡ
401 2839 504 2907 τᾶλλαι
533 2839 636 2906 πάντα
667 2842 707 2906 τὰ
737 2843 766 2907 ἐν
796 2843 951 2924 ἀνθρώποις
975 2841 1067 2906 καλά·
1090 2842 1205 2922 τυφλὸς
1229 2842 1259 2906 δὲ
1284 2846 1341 2906 τῶν

212 2953 312 3020 ἄλλων
334 2953 473 3020 ἁπάντων
497 2960 614 3033 prinam
637 2952 781 3034 δεξαίμην
802 2953 838 3020 διν
858 2950 928 3019 εἶναι
947 2953 963 3029 ἡ
984 2954 1088 3019 ἐκείνου
1108 2953 1159 3018 καὶ
1180 2953 1339 3028 initiarer.

213 3070 321 3135 Verbo
353 3073 518 3135 monuisse
549 3073 626 3136 satis
649 3091 719 3136 esse
743 3073 865 3155 opinor,
887 3070 963 3135 ferri
986 3071 1038 3134 hio
1061 3089 1128 3134 non
1151 3089 1246 3154 posse
1269 3091 1340 3154 par-

215 3185 345 3250 ticulam
368 3183 427 3250 nai.

258 3298 314 3381 IV,
350 3299 401 3362 41.
437 3300 647 3364 Antisthenes
682 3304 902 3384 paupertatem
939 3319 1031 3364 suam
1065 3304 1096 3363 et
1131 3299 1203 3363 aliis
1231 3299 1341 3363 laudat

214 3413 411 3496 argumentis
434 3418 465 3477 et
488 3414 563 3476 hoe:
588 3410 640 3476 καὶ
664 3411 740 3476 πολὺ
765 3418 866 3475 πλεῖον
890 3410 1018 3492 διαφέρει
1042 3412 1111 3492 πρὸς
1134 3410 1244 3485 ἡδννὴν,
1269 3409 1353 3475 ὅταν.

213 3524 376 3603 ἀναμείναις
396 3525 429 3590 τὸ
449 3525 580 3600 δεὴἡὴναι
602 3523 808 3606 προςφέρωμαι
828 3523 845 3599 ἡ
865 3523 935 3588 ὅταν
953 3524 1009 3589 τινὶ
1025 3529 1081 3588 τῶν
1093 3525 1196 3603 τιμίων
1208 3529 1341 3605 χρῶμαι.

213 3639 256 3704 nt
286 3639 484 3705 abundantia
515 3646 546 3704 et
570 3639 695 3704 defectu
717 3641 794 3705 haee
821 3640 919 3704 verba
941 3640 1096 3704 laborant.
1121 3638 1229 3716 Quum
1253 3641 1340 3703 enim

213 3753 289 3817 πολὺ
323 3751 452 3833 διαφέρει
488 3753 662 3838 significet:
696 3754 797 3818 multo
829 3759 979 3839 praestat,
1010 3755 1112 3818 multo
1144 3753 1260 3817 melius
1283 3758 1340 3835 est,

214 3865 289 3930 πανὺ
312 3872 413 3930 πλεῖον
438 3865 566 3947 διαφέρει
591 3887 752 3950 nusquam
773 3867 918 3932 adhiberi
937 3873 1049 3952 potest,
1069 3870 1133 3931 nisi
1150 3866 1207 3931 ubi
1226 3865 1341 3946 damiam

213 3982 394 4045 instituitur
424 3982 633 4064 eomparati03
667 4000 741 4065 ergo
774 3981 926 4044 hocloco
952 3981 1146 4045 vocabulum
1168 3985 1269 4042 πλεῖον
1292 3981 1340 4042 vi·

213 4096 294 4159 tiose
324 4095 473 4158 abundat.
499 4093 561 4160 Sed
586 4095 674 4160 deest
697 4115 772 4179 pars
796 4095 980 4177 sententiae,
1005 4099 1196 4178 quaerente
1220 4094 1341 4178 opponi

213 4211 315 4292 possit
343 4209 448 4273 verbis
472 4207 525 4272 rui
548 4210 604 4271 τῶν
628 4207 739 4284 τιμίων.
764 4207 851 4272 Dicit
874 4209 959 4272 enim
984 4209 1210 4272 Antisthenes:
1236 4207 1338 4272 multe

215 4325 293 4388 mihi
324 4325 364 4388 ad
393 4324 626 4387 iucunditatem
656 4327 805 4407 praestat,
837 4342 939 4406 quum
961 4327 1138 4404 exspectata
1159 4321 1244 4402 fame
1267 4322 1338 4402 (hoc

1208 4431 1242 4484 to
