3348 5262
890 567 954 636 302

357 755 406 818 illi
430 753 586 820 vocabulo
610 756 786 820 sententiae
809 755 973 838 emphasis
995 755 1202 839 tribueretur,
1222 758 1250 822 si
1269 759 1329 822 hoc
1350 759 1483 824 dixisset

356 867 600 932 Archestratus:
633 886 704 932 eam
732 886 802 932 esse
824 867 1058 951 Spartanorum
1081 869 1235 952 indolem,
1262 875 1298 934 ut
1321 890 1397 936 cum
1420 871 1482 936 illis

358 982 519 1064 optimum
545 981 632 1046 factu
656 986 750 1063 esset,
772 979 891 1065 quibus
904 983 967 1065 ipsi
980 982 1098 1047 vellent
1111 983 1360 1066 conditionibus,
1372 1004 1481 1067 pacem

358 1113 557 1178 componere.
595 1093 684 1160 Nihil
721 1099 829 1160 autem
866 1096 1028 1160 eiusmodi
1063 1097 1301 1179 Archestratus,
1336 1099 1393 1162 sed
1427 1099 1485 1162 hoc

356 1207 552 1291 reipublicae
585 1213 729 1291 tempore
764 1209 916 1291 quamvis
951 1207 1104 1292 gravibus
1136 1209 1376 1274 conditionibus
1408 1231 1482 1274 cum

358 1320 523 1405 Spartanis
557 1341 668 1404 pacem
705 1322 809 1386 facere
844 1322 966 1387 suadet.
1001 1321 1191 1406 Lugendum
1226 1343 1300 1406 ergo
1333 1321 1486 1404 κράτιστον

357 1427 428 1497 εἷνου
451 1434 501 1513 ἐφ’
531 1427 570 1506 οἷς
591 1435 806 1514 προύκαλοῦντο
828 1433 1053 1512 Λυνεδνημόννον
1071 1435 1179 1516 εἰρήνην
1192 1437 1342 1500 ποιεῖσθαι.
1357 1437 1484 1503 Vitium

359 1549 406 1612 sic
424 1547 490 1612 fere
510 1552 623 1615 netum
642 1567 713 1616 esse
725 1568 848 1614 censeo.
861 1549 900 1614 In
913 1554 1040 1617 vetusto
1053 1550 1162 1617 codice
1173 1551 1219 1615 ita
1231 1553 1386 1635 scriptum
1402 1557 1483 1617 erat:

627 1771 853 1787 ........
876 1723 907 1786 ἕν
929 1731 965 1804 τῇ
990 1722 1083 1805 βουλῇ

625 1832 778 1916 κράτιστον
801 1829 872 1899 siout
895 1836 947 1916 ἐφ’
971 1829 1010 1907 οἷς
1032 1842 1229 1917 τροκοολοῦντο

626 1946 852 2026 Λοοκεδοημόννον
876 1947 984 2029 εἰρήνην
1008 1949 1068 2013 κτὲ.

406 2110 470 2188 Qui
504 2112 579 2175 hino
614 2112 790 2195 descripsit,
825 2112 919 2176 oculo
951 2133 969 2176 a
998 2114 1104 2196 prima
1134 2113 1175 2177 ad
1205 2114 1333 2180 tertiam
1366 2113 1483 2194 lineam

360 2224 536 2307 aberrante,
560 2229 631 2308 post
651 2222 744 2304 βουλῇ
766 2226 893 2308 scripsit
912 2222 1147 2302 Λακεδαιμόνιον,
1169 2231 1239 2289 tum
1260 2225 1485 2291 erroreobser-

359 2344 432 2404 vato
456 2337 652 2402 vocabulum
676 2334 903 2414 Λυκεδοημονηο
924 2357 989 2402 non
1008 2338 1125 2404 delevit
1145 2339 1201 2404 sed
1213 2341 1483 2422 circumscripsit:

358 2451 441 2516 illud
485 2455 597 2534 postea
638 2451 694 2514 alii
734 2455 902 2534 utcunque
935 2456 1058 2518 ceterae
1093 2454 1269 2518 sententiae
1303 2473 1485 2518 accommo-

360 2565 487 2629 darunt.

403 2675 440 2742 G.
463 2676 522 2760 III,
549 2678 599 2742 18.
628 2676 661 2740 ἐκ
691 2674 792 2741 τούτου
823 2675 922 2754 μέντοι
952 2676 1069 2759 Κρονίης
1098 2677 1150 2743 νυοὶ
1177 2679 1200 2743 οἱ
1221 2677 1306 2744 ἄλλον
1329 2678 1485 2761 arraona

359 2786 413 2862 ἤδη
438 2786 616 2870 φοβούμενοι
636 2788 698 2852 ari.
722 2789 923 2854 Vocabulum
944 2788 1098 2870 τριάκοντα
1118 2792 1259 2858 (lohetus
1278 2795 1483 2877 proscripsit3

322 2957 324 2963 .
359 2903 446 2966 haud
470 2902 566 2968 dubie
589 2908 674 2967 recte
698 2905 725 2967 si
749 2904 985 2970 arithmeticam
1006 2906 1158 2990 consulis,
1182 2927 1258 2970 nam
1279 2905 1303 2971 οἱ
1322 2903 1485 2972 daaotnon

359 3015 490 3098 triginta
519 3019 611 3078 erant
640 3016 694 3080 sed
721 3016 946 3100 undetriginta.
969 3016 1135 3084 Sermonis
1158 3024 1268 3083 tamen
1294 3039 1376 3085 usus
1400 3021 1485 3084 eius-

360 3129 449 3191 modi
470 3128 679 3212 locutionem,
697 3129 793 3213 paulo
815 3132 924 3196 minus
945 3137 1140 3215 accuratam,
1160 3134 1329 3198 admittere
1349 3134 1485 3198 videtur.

359 3240 443 3305 Vide
472 3241 532 3324 IH,
554 3243 584 3325 4,
609 3243 646 3305 8:
677 3241 705 3306 E
736 3244 867 3327 triginta
896 3247 983 3330 viris,
1008 3247 1065 3330 qui
1088 3246 1239 3330 Agesilao
1262 3247 1364 3312 additi
1386 3253 1485 3331 erant,

359 3351 525 3435 Lysander
543 3357 612 3438 regi
632 3375 691 3420 suo
714 3357 875 3422 molestias
895 3355 1484 3441 9111111111,οἳγεμηνᾶλλοντηηὶνοντο

359 3467 411 3530 οὐκ
441 3464 553 3543 ἐσίγων.
581 3467 639 3551 IV,
666 3469 693 3553 l,
718 3471 777 3533 23:
802 3465 877 3542 ὅπως
901 3471 933 3534 δὲ
955 3471 999 3548 μη
1023 3472 1213 3553 καταγελῷεν
1237 3473 1330 3540 αὐτοῦ
1354 3473 1378 3538 οἱ
1400 3471 1485 3538 ἄλλοι

359 3577 521 3660 τρνοὶκοντοο.

403 3693 463 3777 III,
489 3695 538 3758 19.
568 3693 686 3760 Critias
716 3697 852 3780 eiusque
882 3699 961 3762 socii
994 3704 1176 3766 metuentes
1209 3721 1250 3766 ne
1271 3702 1485 3768 Theramenes

359 3807 517 3890 populum
542 3807 604 3871 sibi
628 3806 806 3873 obnoxium
831 3811 984 3894 redderet,
1007 3812 1068 3875 tria
1089 3813 1179 3876 milia
1197 3815 1368 3878 hominum
1382 3815 1484 3898 elege-

359 3924 445 4003 runt,
468 3922 525 4004 qui
548 3922 653 4004 specie
677 3941 753 3985 cum
777 3923 855 4006 ipsis
879 3923 1112 4007 rempublicam
1138 3926 1408 3992 administrarent.
1428 3925 1484 3990 ὁδ’

359 4022 398 4092 οὗ
421 4030 594 4112 Θηραμένης
616 4031 669 4096 aul
693 4032 760 4114 πρὸς
784 4038 884 4100 τοῦτον
908 4032 1008 4114 ἔλεγεν
1032 4033 1074 4100 b'rr
1097 4033 1205 4102 ἄτονον
1230 4037 1321 4112 δοκοίη
1343 4039 1435 4119 ἑνουτῷ
1448 4063 1485 4118 γε

359 4137 430 4208 εἶναι
460 4145 493 4209 τὸ
523 4149 632 4226 πρῶτον
663 4145 717 4223 μὲν
748 4146 943 4226 βουλομένους
976 4148 1042 4220 τοὺς
1073 4148 1246 4228 βελτίστους
1278 4155 1334 4216 τῶν
1358 4157 1483 4218 πολιτῶν

360 4255 503 4330 κοινωνοὺς
526 4257 700 4332 τονησοοτθου
721 4259 908 4341 τρισχιλίους.
932 4261 1117 4328 Infinitivus
1141 4262 1315 4338 τονητοοτθου
1335 4285 1354 4330 a
1373 4264 1478 4343 βουλο-
