3354 5268
891 645 933 716 82

349 842 459 924 ipsum
493 839 567 923 pagi
599 837 793 922 praefectum
826 837 913 902 domi
942 837 1119 922 reliquisse,
1143 838 1258 904 deinde
1282 841 1312 904 ei
1335 845 1367 905 et
1390 841 1476 904 hanc

352 955 479 1017 veniam
504 952 636 1029 dedisse,
659 957 696 1016 ut
718 970 828 1016 secum
851 971 927 1016 suos
952 951 1124 1017 familiares
1145 955 1302 1017 retineret.
1316 951 1476 1028 Quoniam

353 1085 429 1130 vero
465 1085 542 1129 mox
578 1066 724 1149 sequitur
757 1063 855 1141 ἡγεῖτο
888 1064 919 1128 δὲ
949 1065 1051 1137 κύτοῖς
1082 1064 1285 1146 ὀκωμάρχιρς
1309 1064 1479 1144 λελυμένος,

352 1200 474 1244 novum
498 1179 550 1242 hic
570 1180 688 1244 exoriri
712 1180 784 1262 pagi
807 1178 1003 1263 praefectum
1026 1180 1222 1244 censendum
1242 1184 1334 1263 esset,
1348 1179 1480 1245 habere-

353 1312 493 1376 musque
523 1293 605 1357 duos
636 1293 710 1376 pagi
741 1291 927 1376 praefectos,
951 1291 1131 1376 ducemque
1154 1292 1193 1356 ab
1218 1293 1282 1357 illis
1306 1294 1480 1358 diversum.

353 1406 542 1471 Absurdum
575 1410 682 1470 tamen
714 1406 774 1469 hoc
805 1424 875 1470 esse
906 1409 979 1470 eta
1004 1407 1185 1470 narratione
1209 1407 1351 1471 alienum
1375 1409 1479 1472 cuivis

354 1524 402 1584 est
436 1520 659 1604 perspicuum:
696 1536 802 1602 neque
837 1519 910 1602 pagi
944 1517 1123 1601 praefectus
1156 1519 1242 1583 domi
1274 1526 1424 1603 remanet,
1449 1525 1482 1585 et

353 1633 438 1715 idem
461 1633 556 1697 homo
580 1632 674 1696 modo
697 1628 863 1711 κωμάρχου
887 1631 980 1695 modo
1004 1631 1122 1707 ἡγεμών
1143 1633 1329 1716 appellatur.
1348 1633 1417 1698 Iam
1438 1653 1480 1699 ex

355 1747 406 1828 iis,
442 1765 524 1830 quae
558 1745 597 1810 de
627 1744 693 1809 filio
725 1746 832 1810 statim
863 1749 935 1828 post
963 1743 1028 1815 τοὺς
1051 1744 1083 1808 δὲ
1106 1743 1219 1817 etatem
1242 1745 1416 1810 κοιτκλιάτει
1440 1748 1481 1826 τῷ

354 1856 503 1938 κωμάρχρ
540 1859 699 1942 dicuntur,
733 1859 765 1922 id
797 1859 869 1923 luce
901 1859 1018 1923 clarius
1049 1864 1185 1943 apparet.
1214 1859 1346 1945 Legitur
1376 1862 1479 1925 enim:

354 1975 456 2035 τοῦτου
479 1971 639 2036 'narretur
662 1970 844 2047 τοιροιδάδωοι
864 1969 1037 2052 φυλάττειν,
1058 1969 1144 2044 ὅπως,
1164 1972 1187 2035 εἰ
1207 1976 1305 2045 κοιλῶς
1324 1972 1479 2050 ἡγήσοιτο,

354 2081 433 2164 ἔχων
468 2084 518 2148 aul
552 2090 653 2149 τοῦτου
682 2085 772 2148 dulor.
806 2084 908 2150 Nemo
939 2090 1045 2150 autem
1069 2106 1140 2149 οιιικ
1160 2085 1226 2166 filio
1248 2086 1330 2150 redit
1353 2089 1416 2152 nisi
1439 2107 1481 2153 ex

330 2192 392 2263 veo
416 2199 495 2282 loco,
519 2219 583 2283 quo
609 2218 682 2263 oum
706 2198 772 2263 filio
796 2203 845 2263 est
867 2198 1038 2282 profectus.

400 2310 472 2388 Qua
493 2331 569 2396 ergo
593 2313 716 2376 ratione
739 2331 799 2377 nos
820 2332 862 2377 ex
882 2331 919 2376 ea
938 2311 1135 2396 difficultate,
1148 2332 1230 2397 quae
1242 2315 1356 2397 primis
1369 2315 1481 2398 capitis

357 2427 441 2489 sexti
474 2425 583 2490 verbis
617 2427 709 2508 inest,
743 2425 977 2510 expediamus?
1012 2424 1198 2490 Statuamus
1229 2424 1480 2511 Xenophontem

356 2539 520 2622 paulisper
553 2540 604 2602 sui
635 2537 769 2602 oblitum
798 2558 877 2621 esse,
900 2544 932 2603 et
954 2539 1153 2624 negligenter
1177 2541 1352 2624 scripsisse,
1375 2560 1482 2626 neque

356 2651 462 2715 solum
494 2651 700 2736 negligenter,
730 2652 786 2716 sed
816 2653 931 2716 vitiose
960 2657 991 2715 et
1014 2653 1058 2715 ita
1081 2657 1117 2717 ut
1141 2653 1220 2737 quid
1244 2654 1321 2718 velit
1344 2673 1386 2718 ex
1412 2656 1481 2720 eins

355 2765 463 2830 verbis
486 2767 543 2828 vix
566 2770 651 2829 recte
674 2765 810 2848 intelligi
832 2765 940 2848 possit.
966 2762 1059 2839 Quod
1078 2767 1164 2830 enim
1185 2766 1302 2849 cuique
1325 2769 1481 2832 sermonis

357 2879 469 2944 Graeci
492 2899 557 2942 non
578 2880 690 2962 ignaro
710 2879 788 2941 nihil
808 2877 895 2941 aliud
909 2877 1089 2962 significare
1101 2897 1194 2962 posse
1208 2879 1353 2943 videatur
1365 2901 1480 2964 quam:

360 2993 501 3074 ,ducem
536 2993 632 3056 tradit
667 2990 863 3075 Chirisopho,
895 2991 981 3075 apud
1012 2993 1086 3075 pagi
1108 2992 1304 3076 praefectum
1329 3000 1482 3077 cognatos

358 3107 427 3170 eius
460 3103 635 3187 relinquit”
670 3105 723 3168 hio
756 3123 868 3168 revera
902 3103 1077 3188 significat:
1118 3106 1251 3189 ,ipsum
1285 3107 1480 3190 praefectum

359 3217 545 3302 Chirisopho
580 3218 685 3300 tradit,
717 3223 754 3281 ut
783 3237 820 3282 eo
852 3219 934 3282 duce
966 3222 1084 3301 utatur,
1106 3218 1278 3284 familiares
1302 3221 1371 3285 eius
1396 3222 1483 3286 domi

357 3331 541 3415 relinquit'';
561 3332 608 3394 τὸν
628 3329 683 3408 μέν
703 3335 787 3396 enim
809 3332 969 3397 obiectum
989 3338 1045 3415 est,
1065 3330 1198 3410 ἡγεμάιοι
1223 3335 1482 3418 „appositionis”

357 3445 465 3509 locum
495 3445 624 3527 obtinet,
655 3446 695 3524 τῷ
719 3442 866 3525 κωμάρχρ
891 3451 939 3509 est
964 3446 1092 3510 dativus
1119 3446 1337 3528 ,oommodi”,
1363 3455 1394 3512 et
1417 3448 1484 3520 τοὺς

358 3555 472 3629 οἰκέταις
506 3556 680 3621 κοιτοιλείτει
713 3558 753 3637 τῷ
783 3556 930 3638 κωμάρχρ
962 3560 1047 3623 idern
1080 3565 1128 3624 est
1153 3561 1256 3644 quod:
1281 3560 1347 3633 τοὺς
1371 3559 1485 3634 οἰκέταις

359 3676 410 3736 τοῦ
433 3669 595 3752 κωμάρχου
617 3670 800 3735 κοιτοιλείτει.

404 3785 514 3849 Mirari
554 3805 728 3869 possumus
769 3790 834 3849 tam
870 3789 1046 3850 contortam
1081 3785 1254 3852 verborum
1289 3792 1483 3853 structuram

359 3897 568 3982 Xenophonti
600 3899 768 3982 placuisse,
790 3900 851 3981 vel,
875 3899 962 3982 quod
987 3898 1186 3983 probabilius
1210 3905 1266 3983 est,
1288 3902 1485 3985 imprudenti

359 4011 533 4076 excidisse:
566 4030 682 4096 negare
713 4031 778 4074 non
809 4031 991 4095 possumus,
1017 4012 1098 4075 lrano
1122 4031 1165 4076 ex
1189 4013 1258 4078 eius
1282 4013 1388 4078 verbis
1412 4034 1484 4079 sen-

357 4124 490 4188 tentiam
521 4125 699 4188 necessario
731 4125 984 4208 extorquendam
1014 4144 1104 4189 esse:
1131 4126 1252 4190 nullam
1276 4127 1360 4191 enim
1385 4128 1482 4192 alium

355 4237 481 4321 reliqua
510 4239 648 4301 narratio
678 4237 836 4324 admittit}
849 4257 955 4321 neque
980 4239 1178 4303 emendando
1203 4240 1382 4323 quidquam
1406 4262 1481 4325 pro-

359 4350 453 4416 ficere
485 4371 665 4436 possumus.
698 4351 782 4416 Nam
814 4352 900 4436 quod
932 4353 1011 4416 milri
1040 4354 1075 4416 in
1098 4358 1238 4418 mentem
1262 4355 1366 4419 venit:
1391 4354 1482 4420 ωὐτὸυ
