<?xml version="1.0" encoding="UTF-8"?>
<!DOCTYPE html PUBLIC "-//W3C//DTD XHTML 1.0 Transitional//EN"
    "http://www.w3.org/TR/xhtml1/DTD/xhtml1-transitional.dtd">
<html xmlns="http://www.w3.org/1999/xhtml" xml:lang="en" lang="en">
 <head>
  <title>
</title>
<meta http-equiv="Content-Type" content="text/html;charset=utf-8" />
  <meta name='ocr-system' content='tesseract 3.04.00' />
  <meta name='ocr-capabilities' content='ocr_page ocr_carea ocr_par ocr_line ocrx_word'/>
</head>
<body>
  <div class='ocr_page' id='page_1' title='image "./analectaxenopho00hartgoog_0396.png"; bbox 0 0 3330 5262; ppageno 0'>
   <div class='ocr_carea' id='block_1_1' title="bbox 748 585 810 648">
    <p class='ocr_par' dir='ltr' id='par_1_1' title="bbox 748 585 810 648">
     <span class='ocr_line' id='line_1_1' title="bbox 748 585 810 648; baseline -0.016 0"><span class='ocrx_word' id='word_1_1' title='bbox 748 585 810 648; x_wconf 89' lang='grc'>381</span> 
     </span>
    </p>
   </div>
   <div class='ocr_carea' id='block_1_2' title="bbox 219 761 1427 1304">
    <p class='ocr_par' dir='ltr' id='par_1_2' title="bbox 219 761 1427 1304">
     <span class='ocr_line' id='line_1_2' title="bbox 219 761 1427 854; baseline -0.002 -19"><span class='ocrx_word' id='word_1_2' title='bbox 219 775 309 835; x_wconf 89' lang='lat' dir='ltr'>tuam</span> <span class='ocrx_word' id='word_1_3' title='bbox 344 788 414 835; x_wconf 91' lang='lat' dir='ltr'>meo</span> <span class='ocrx_word' id='word_1_4' title='bbox 445 770 631 835; x_wconf 82' lang='lat' dir='ltr'>adiunxeris</span> <span class='ocrx_word' id='word_1_5' title='bbox 662 771 806 854; x_wconf 76' lang='lat' dir='ltr'>impone,</span> <span class='ocrx_word' id='word_1_6' title='bbox 828 776 861 835; x_wconf 89' lang='lat' dir='ltr'>tc</span> <span class='ocrx_word' id='word_1_7' title='bbox 891 771 1036 834; x_wconf 90' lang='lat' dir='ltr'>omnium</span> <span class='ocrx_word' id='word_1_8' title='bbox 1060 768 1264 851; x_wconf 79' lang='lat' dir='ltr'>Graecorum,</span> <span class='ocrx_word' id='word_1_9' title='bbox 1290 787 1341 834; x_wconf 87' lang='lat' dir='ltr'>me</span> <span class='ocrx_word' id='word_1_10' title='bbox 1424 761 1427 766; x_wconf 70' lang='grc'><strong>’</strong></span> 
     </span>
     <span class='ocr_line' id='line_1_3' title="bbox 219 883 1341 967; baseline -0.001 -19"><span class='ocrx_word' id='word_1_11' title='bbox 219 903 286 948; x_wconf 92' lang='lat' dir='ltr'>uno</span> <span class='ocrx_word' id='word_1_12' title='bbox 317 887 458 967; x_wconf 84' lang='lat' dir='ltr'>excepto,</span> <span class='ocrx_word' id='word_1_13' title='bbox 485 885 633 967; x_wconf 85' lang='lat' dir='ltr'>primum¹</span> <span class='ocrx_word' id='word_1_14' title='bbox 655 883 786 947; x_wconf 88' lang='lat' dir='ltr'>faciam:</span> <span class='ocrx_word' id='word_1_15' title='bbox 811 902 966 967; x_wconf 83' lang='lat' dir='ltr'>cognosco</span> <span class='ocrx_word' id='word_1_16' title='bbox 988 903 1077 947; x_wconf 89' lang='lat' dir='ltr'>nunc</span> <span class='ocrx_word' id='word_1_17' title='bbox 1100 887 1258 966; x_wconf 90' lang='lat' dir='ltr'>quantum</span> <span class='ocrx_word' id='word_1_18' title='bbox 1283 901 1341 967; x_wconf 85' lang='lat' dir='ltr'>ego</span> 
     </span>
     <span class='ocr_line' id='line_1_4' title="bbox 221 996 1343 1081; baseline 0 -22"><span class='ocrx_word' id='word_1_19' title='bbox 221 996 390 1061; x_wconf 91' lang='lat' dir='ltr'>habiturus</span> <span class='ocrx_word' id='word_1_20' title='bbox 425 998 486 1060; x_wconf 91' lang='lat' dir='ltr'>sim</span> <span class='ocrx_word' id='word_1_21' title='bbox 522 997 693 1081; x_wconf 90' lang='lat' dir='ltr'>imperium</span> <span class='ocrx_word' id='word_1_22' title='bbox 724 996 878 1061; x_wconf 80' lang='lat' dir='ltr'><strong>Pharsalo</strong></span> <span class='ocrx_word' id='word_1_23' title='bbox 910 996 1026 1078; x_wconf 89' lang='lat' dir='ltr'>addita,</span> <span class='ocrx_word' id='word_1_24' title='bbox 1048 1001 1085 1061; x_wconf 90' lang='grc' dir='ltr'>ιιι</span> <span class='ocrx_word' id='word_1_25' title='bbox 1115 997 1197 1062; x_wconf 87' lang='lat' dir='ltr'>scias</span> <span class='ocrx_word' id='word_1_26' title='bbox 1221 1001 1343 1080; x_wconf 88' lang='lat' dir='ltr'>quanta</span> 
     </span>
     <span class='ocr_line' id='line_1_5' title="bbox 221 1109 1341 1195; baseline 0.001 -22"><span class='ocrx_word' id='word_1_27' title='bbox 221 1110 332 1174; x_wconf 87' lang='lat' dir='ltr'>futura</span> <span class='ocrx_word' id='word_1_28' title='bbox 361 1112 403 1175; x_wconf 94' lang='lat' dir='ltr'>sit</span> <span class='ocrx_word' id='word_1_29' title='bbox 432 1115 488 1174; x_wconf 89' lang='lat' dir='ltr'>tua</span> <span class='ocrx_word' id='word_1_30' title='bbox 518 1115 667 1195; x_wconf 88' lang='lat' dir='ltr'>potestas,</span> <span class='ocrx_word' id='word_1_31' title='bbox 698 1112 755 1194; x_wconf 92' lang='lat' dir='ltr'>qui</span> <span class='ocrx_word' id='word_1_32' title='bbox 784 1129 837 1174; x_wconf 90' lang='lat' dir='ltr'>me</span> <span class='ocrx_word' id='word_1_33' title='bbox 867 1129 932 1174; x_wconf 90' lang='lat' dir='ltr'>uno</span> <span class='ocrx_word' id='word_1_34' title='bbox 963 1111 1008 1174; x_wconf 88' lang='lat' dir='ltr'>sis</span> <span class='ocrx_word' id='word_1_35' title='bbox 1038 1109 1169 1174; x_wconf 86' lang='lat' dir='ltr'>futurus</span> <span class='ocrx_word' id='word_1_36' title='bbox 1192 1109 1341 1174; x_wconf 89' lang='lat' dir='ltr'>inferior:</span> 
     </span>
     <span class='ocr_line' id='line_1_6' title="bbox 221 1220 1340 1304; baseline -0.001 -17"><span class='ocrx_word' id='word_1_37' title='bbox 221 1223 319 1288; x_wconf 80' lang='grc' dir='ltr'><em>οὐκοῦν</em></span> <span class='ocrx_word' id='word_1_38' title='bbox 349 1227 434 1288; x_wconf 91' lang='grc' dir='ltr'><em>τοῦτο</em></span> <span class='ocrx_word' id='word_1_39' title='bbox 465 1223 520 1301; x_wconf 82' lang='grc' dir='ltr'>μὲν</span> <span class='ocrx_word' id='word_1_40' title='bbox 542 1221 661 1296; x_wconf 79' lang='grc' dir='ltr'><em>εὔδηλον</em></span> <span class='ocrx_word' id='word_1_41' title='bbox 681 1224 764 1300; x_wconf 71' lang='grc' dir='ltr'><em>ν’ρμῦν,</em></span> <span class='ocrx_word' id='word_1_42' title='bbox 789 1220 831 1286; x_wconf 73' lang='lat' dir='ltr'>dra</span> <span class='ocrx_word' id='word_1_43' title='bbox 856 1220 1012 1304; x_wconf 88' lang='grc' dir='ltr'><em>Φαρσιίλον</em></span> <span class='ocrx_word' id='word_1_44' title='bbox 1035 1221 1264 1303; x_wconf 72' lang='grc' dir='ltr'><em>προσγενομένης</em></span> <span class='ocrx_word' id='word_1_45' title='bbox 1288 1220 1340 1288; x_wconf 81' lang='grc' dir='ltr'>καὶ</span> 
     </span>
    </p>
   </div>
   <div class='ocr_carea' id='block_1_3' title="bbox 220 1447 1348 4378">
    <p class='ocr_par' dir='ltr' id='par_1_3' title="bbox 220 1447 1348 3803">
     <span class='ocr_line' id='line_1_7' title="bbox 220 1447 1343 1529; baseline 0 -15"><span class='ocrx_word' id='word_1_46' title='bbox 220 1449 360 1514; x_wconf 82' lang='grc' dir='ltr'><em>οὶποίντων</em></span> <span class='ocrx_word' id='word_1_47' title='bbox 389 1450 588 1524; x_wconf 90' lang='grc' dir='ltr'><em>κατασταίην·</em></span> <span class='ocrx_word' id='word_1_48' title='bbox 617 1447 655 1522; x_wconf 75' lang='grc' dir='ltr'>ὥς</span> <span class='ocrx_word' id='word_1_49' title='bbox 682 1475 719 1529; x_wconf 73' lang='grc' dir='ltr'>γε</span> <span class='ocrx_word' id='word_1_50' title='bbox 741 1449 810 1528; x_wconf 78' lang='grc' dir='ltr'><em>μην,</em></span> <span class='ocrx_word' id='word_1_51' title='bbox 835 1448 906 1514; x_wconf 83' lang='grc' dir='ltr'><em>ύταν</em></span> <span class='ocrx_word' id='word_1_52' title='bbox 928 1448 1092 1529; x_wconf 72' lang='grc' dir='ltr'><em>ταγεύηται</em></span> <span class='ocrx_word' id='word_1_53' title='bbox 1116 1449 1279 1524; x_wconf 77' lang='grc' dir='ltr'><em>Θετταλία,</em></span> <span class='ocrx_word' id='word_1_54' title='bbox 1303 1450 1343 1523; x_wconf 82' lang='grc' dir='ltr'>είς</span> 
     </span>
     <span class='ocr_line' id='line_1_8' title="bbox 221 1560 1342 1643; baseline 0.002 -17"><span class='ocrx_word' id='word_1_55' title='bbox 221 1560 439 1643; x_wconf 73' lang='grc' dir='ltr'><em>ἑξακισχιλίους</em></span> <span class='ocrx_word' id='word_1_56' title='bbox 471 1564 526 1642; x_wconf 78' lang='grc' dir='ltr'>μὲν</span> <span class='ocrx_word' id='word_1_57' title='bbox 556 1563 580 1628; x_wconf 85' lang='grc' dir='ltr'>οἱ</span> <span class='ocrx_word' id='word_1_58' title='bbox 609 1562 779 1636; x_wconf 79' lang='grc' dir='ltr'><em>ἱππεύοντες</em></span> <span class='ocrx_word' id='word_1_59' title='bbox 802 1561 961 1641; x_wconf 72' lang='grc' dir='ltr'><em>γίγνονται,</em></span> <span class='ocrx_word' id='word_1_60' title='bbox 985 1562 1107 1627; x_wconf 77' lang='grc' dir='ltr'><em>ὁπλῖται</em></span> <span class='ocrx_word' id='word_1_61' title='bbox 1131 1562 1162 1627; x_wconf 79' lang='grc' dir='ltr'>δὲ</span> <span class='ocrx_word' id='word_1_62' title='bbox 1186 1561 1342 1637; x_wconf 74' lang='grc' dir='ltr'><em>πλείονςῆ</em></span> 
     </span>
     <span class='ocr_line' id='line_1_9' title="bbox 223 1675 1343 1762; baseline 0.002 -22"><span class='ocrx_word' id='word_1_63' title='bbox 223 1675 313 1757; x_wconf 86' lang='grc' dir='ltr'><em>μύριοι</em></span> <span class='ocrx_word' id='word_1_64' title='bbox 350 1675 574 1741; x_wconf 85' lang='grc' dir='ltr'><em>καίίστανται.”</em></span> <span class='ocrx_word' id='word_1_65' title='bbox 609 1676 791 1742; x_wconf 75' lang='lat' dir='ltr'>Sententiae</span> <span class='ocrx_word' id='word_1_66' title='bbox 825 1677 973 1759; x_wconf 79' lang='lat' dir='ltr'>Graecae,</span> <span class='ocrx_word' id='word_1_67' title='bbox 1008 1697 1088 1762; x_wconf 89' lang='lat' dir='ltr'>quas</span> <span class='ocrx_word' id='word_1_68' title='bbox 1123 1678 1228 1761; x_wconf 81' lang='lat' dir='ltr'><strong>citavi,</strong></span> <span class='ocrx_word' id='word_1_69' title='bbox 1261 1677 1343 1742; x_wconf 89' lang='lat' dir='ltr'>male</span> 
     </span>
     <span class='ocr_line' id='line_1_10' title="bbox 223 1783 1343 1876; baseline 0 -22"><span class='ocrx_word' id='word_1_70' title='bbox 223 1792 306 1855; x_wconf 91' lang='lat' dir='ltr'>inter</span> <span class='ocrx_word' id='word_1_71' title='bbox 336 1783 370 1855; x_wconf 80' lang='lat' dir='ltr'>s&#39;e</span> <span class='ocrx_word' id='word_1_72' title='bbox 399 1791 578 1874; x_wconf 79' lang='lat' dir='ltr'>cohaerent,</span> <span class='ocrx_word' id='word_1_73' title='bbox 607 1810 717 1874; x_wconf 88' lang='lat' dir='ltr'>eaque,</span> <span class='ocrx_word' id='word_1_74' title='bbox 749 1810 832 1876; x_wconf 89' lang='lat' dir='ltr'>quae</span> <span class='ocrx_word' id='word_1_75' title='bbox 862 1790 902 1855; x_wconf 90' lang='lat' dir='ltr'>ab</span> <span class='ocrx_word' id='word_1_76' title='bbox 926 1787 963 1862; x_wconf 84' lang='grc' dir='ltr'>ύς</span> <span class='ocrx_word' id='word_1_77' title='bbox 985 1813 1023 1867; x_wconf 75' lang='grc' dir='ltr'>γε</span> <span class='ocrx_word' id='word_1_78' title='bbox 1045 1789 1106 1867; x_wconf 78' lang='grc' dir='ltr'>μην</span> <span class='ocrx_word' id='word_1_79' title='bbox 1128 1792 1249 1876; x_wconf 83' lang='lat' dir='ltr'>incipit,</span> <span class='ocrx_word' id='word_1_80' title='bbox 1271 1789 1343 1854; x_wconf 78' lang='grc' dir='ltr'><em>οὶκί-</em></span> 
     </span>
     <span class='ocr_line' id='line_1_11' title="bbox 223 1897 1344 1987; baseline 0.001 -21"><span class='ocrx_word' id='word_1_81' title='bbox 223 1907 323 1984; x_wconf 82' lang='grc' dir='ltr'><em>φαλος</em></span> <span class='ocrx_word' id='word_1_82' title='bbox 354 1901 545 1984; x_wconf 75' lang='grc' dir='ltr'><em>περιέρχεται.</em></span> <span class='ocrx_word' id='word_1_83' title='bbox 569 1904 632 1968; x_wconf 94' lang='lat' dir='ltr'>Pro</span> <span class='ocrx_word' id='word_1_84' title='bbox 656 1900 693 1976; x_wconf 79' lang='grc' dir='ltr'>ύς</span> <span class='ocrx_word' id='word_1_85' title='bbox 716 1927 753 1982; x_wconf 73' lang='grc' dir='ltr'>γε</span> <span class='ocrx_word' id='word_1_86' title='bbox 775 1902 835 1979; x_wconf 81' lang='grc' dir='ltr'>μην</span> <span class='ocrx_word' id='word_1_87' title='bbox 858 1904 1006 1987; x_wconf 88' lang='lat' dir='ltr'>equidem</span> <span class='ocrx_word' id='word_1_88' title='bbox 1026 1904 1180 1969; x_wconf 85' lang='lat' dir='ltr'>scribam:</span> <span class='ocrx_word' id='word_1_89' title='bbox 1205 1897 1285 1968; x_wconf 84' lang='grc' dir='ltr'><em>οίσίοί</em></span> <span class='ocrx_word' id='word_1_90' title='bbox 1308 1927 1344 1981; x_wconf 74' lang='grc' dir='ltr'>γε</span> 
     </span>
     <span class='ocr_line' id='line_1_12' title="bbox 224 2015 1344 2103; baseline 0.003 -25"><span class='ocrx_word' id='word_1_91' title='bbox 224 2015 283 2094; x_wconf 78' lang='grc' dir='ltr'>μην</span> <span class='ocrx_word' id='word_1_92' title='bbox 321 2017 358 2088; x_wconf 81' lang='grc' dir='ltr'>ὡς</span> <span class='ocrx_word' id='word_1_93' title='bbox 371 2065 379 2080; x_wconf 92' lang='grc'><strong>.</strong></span> <span class='ocrx_word' id='word_1_94' title='bbox 394 2065 401 2080; x_wconf 95' lang='grc'><strong>.</strong></span> <span class='ocrx_word' id='word_1_95' title='bbox 415 2064 444 2079; x_wconf 92' lang='grc'>..</span> <span class='ocrx_word' id='word_1_96' title='bbox 482 2016 545 2082; x_wconf 87' lang='lat' dir='ltr'>Sed</span> <span class='ocrx_word' id='word_1_97' title='bbox 579 2017 650 2082; x_wconf 87' lang='lat' dir='ltr'>fieri</span> <span class='ocrx_word' id='word_1_98' title='bbox 682 2022 795 2102; x_wconf 84' lang='lat' dir='ltr'>potest,</span> <span class='ocrx_word' id='word_1_99' title='bbox 826 2021 863 2081; x_wconf 93' lang='grc' dir='ltr'>ιιι</span> <span class='ocrx_word' id='word_1_100' title='bbox 891 2022 979 2082; x_wconf 91' lang='lat' dir='ltr'>totus</span> <span class='ocrx_word' id='word_1_101' title='bbox 1009 2018 1061 2081; x_wconf 93' lang='lat' dir='ltr'>hic</span> <span class='ocrx_word' id='word_1_102' title='bbox 1093 2017 1182 2083; x_wconf 90' lang='lat' dir='ltr'>locus</span> <span class='ocrx_word' id='word_1_103' title='bbox 1204 2018 1344 2103; x_wconf 81' lang='lat' dir='ltr'>graviori</span> 
     </span>
     <span class='ocr_line' id='line_1_13' title="bbox 224 2130 1343 2216; baseline 0.001 -22"><span class='ocrx_word' id='word_1_104' title='bbox 224 2130 334 2194; x_wconf 91' lang='lat' dir='ltr'>morbo</span> <span class='ocrx_word' id='word_1_105' title='bbox 364 2135 396 2196; x_wconf 86' lang='lat' dir='ltr'>et</span> <span class='ocrx_word' id='word_1_106' title='bbox 425 2133 590 2195; x_wconf 91' lang='lat' dir='ltr'>communi</span> <span class='ocrx_word' id='word_1_107' title='bbox 615 2131 752 2214; x_wconf 87' lang='lat' dir='ltr'>quadam</span> <span class='ocrx_word' id='word_1_108' title='bbox 774 2131 1012 2216; x_wconf 88' lang='lat' dir='ltr'>perturbatione</span> <span class='ocrx_word' id='word_1_109' title='bbox 1034 2130 1163 2198; x_wconf 86' lang='lat' dir='ltr'>laboret.</span> <span class='ocrx_word' id='word_1_110' title='bbox 1186 2131 1235 2195; x_wconf 93' lang='lat' dir='ltr'>Ita</span> <span class='ocrx_word' id='word_1_111' title='bbox 1258 2133 1343 2196; x_wconf 86' lang='lat' dir='ltr'>enim</span> 
     </span>
     <span class='ocr_line' id='line_1_14' title="bbox 223 2244 1341 2330; baseline 0.001 -21"><span class='ocrx_word' id='word_1_112' title='bbox 223 2245 326 2330; x_wconf 85' lang='lat' dir='ltr'>pergit</span> <span class='ocrx_word' id='word_1_113' title='bbox 349 2244 454 2327; x_wconf 88' lang='lat' dir='ltr'>Iason,</span> <span class='ocrx_word' id='word_1_114' title='bbox 478 2250 515 2309; x_wconf 92' lang='lat' dir='ltr'>ut</span> <span class='ocrx_word' id='word_1_115' title='bbox 538 2245 631 2328; x_wconf 89' lang='lat' dir='ltr'>dicat,</span> <span class='ocrx_word' id='word_1_116' title='bbox 653 2246 781 2309; x_wconf 87' lang='lat' dir='ltr'>illorum</span> <span class='ocrx_word' id='word_1_117' title='bbox 802 2247 939 2311; x_wconf 89' lang='lat' dir='ltr'>militum</span> <span class='ocrx_word' id='word_1_118' title='bbox 960 2265 1029 2311; x_wconf 87' lang='lat' dir='ltr'>eam</span> <span class='ocrx_word' id='word_1_119' title='bbox 1042 2265 1112 2310; x_wconf 89' lang='lat' dir='ltr'>esse</span> <span class='ocrx_word' id='word_1_120' title='bbox 1123 2245 1341 2310; x_wconf 86' lang='lat' dir='ltr'>fortitudinem</span> 
     </span>
     <span class='ocr_line' id='line_1_15' title="bbox 224 2359 1344 2444; baseline 0 -22"><span class='ocrx_word' id='word_1_121' title='bbox 224 2376 359 2442; x_wconf 81' lang='lat' dir='ltr'>eamque</span> <span class='ocrx_word' id='word_1_122' title='bbox 387 2361 549 2442; x_wconf 86' lang='lat' dir='ltr'>virtutem,</span> <span class='ocrx_word' id='word_1_123' title='bbox 572 2363 609 2422; x_wconf 92' lang='lat' dir='ltr'>ut</span> <span class='ocrx_word' id='word_1_124' title='bbox 638 2359 746 2424; x_wconf 92' lang='lat' dir='ltr'>nullos</span> <span class='ocrx_word' id='word_1_125' title='bbox 765 2361 806 2424; x_wconf 93' lang='lat' dir='ltr'>iis</span> <span class='ocrx_word' id='word_1_126' title='bbox 829 2361 976 2424; x_wconf 86' lang='lat' dir='ltr'>resistere</span> <span class='ocrx_word' id='word_1_127' title='bbox 999 2379 1092 2444; x_wconf 90' lang='lat' dir='ltr'>posse</span> <span class='ocrx_word' id='word_1_128' title='bbox 1115 2361 1223 2424; x_wconf 89' lang='lat' dir='ltr'>hostes</span> <span class='ocrx_word' id='word_1_129' title='bbox 1246 2359 1344 2424; x_wconf 85' lang='lat' dir='ltr'>conil-</span> 
     </span>
     <span class='ocr_line' id='line_1_16' title="bbox 225 2471 1343 2556; baseline 0.003 -22"><span class='ocrx_word' id='word_1_130' title='bbox 225 2471 285 2535; x_wconf 89' lang='lat' dir='ltr'>dat.</span> <span class='ocrx_word' id='word_1_131' title='bbox 306 2471 494 2556; x_wconf 83' lang='lat' dir='ltr'>Sequuntur</span> <span class='ocrx_word' id='word_1_132' title='bbox 515 2474 609 2539; x_wconf 81' lang='lat' dir='ltr'>haec:</span> <span class='ocrx_word' id='word_1_133' title='bbox 634 2471 831 2545; x_wconf 70' lang='grc' dir='ltr'><em>πλατυτάτης</em></span> <span class='ocrx_word' id='word_1_134' title='bbox 854 2497 892 2551; x_wconf 74' lang='grc' dir='ltr'>γε</span> <span class='ocrx_word' id='word_1_135' title='bbox 910 2473 970 2551; x_wconf 79' lang='grc' dir='ltr'>μην</span> <span class='ocrx_word' id='word_1_136' title='bbox 988 2479 1046 2551; x_wconf 76' lang='grc' dir='ltr'>γῆς</span> <span class='ocrx_word' id='word_1_137' title='bbox 1065 2471 1151 2547; x_wconf 81' lang='grc' dir='ltr'><em>οὔσης</em></span> <span class='ocrx_word' id='word_1_138' title='bbox 1163 2472 1343 2546; x_wconf 88' lang='grc' dir='ltr'><em>Θετταλίας,</em></span> 
     </span>
     <span class='ocr_line' id='line_1_17' title="bbox 224 2583 1345 2666; baseline 0.001 -17"><span class='ocrx_word' id='word_1_139' title='bbox 224 2583 326 2650; x_wconf 87' lang='grc' dir='ltr'><em>ποίντα</em></span> <span class='ocrx_word' id='word_1_140' title='bbox 359 2586 400 2650; x_wconf 78' lang='grc' dir='ltr'>τοι</span> <span class='ocrx_word' id='word_1_141' title='bbox 433 2583 530 2666; x_wconf 81' lang='grc' dir='ltr'><em>κύκλῳ</em></span> <span class='ocrx_word' id='word_1_142' title='bbox 566 2583 629 2660; x_wconf 79' lang='grc' dir='ltr'><em>ἔθνη</em></span> <span class='ocrx_word' id='word_1_143' title='bbox 665 2583 779 2660; x_wconf 80' lang='grc' dir='ltr'><em>ῦπύκοα</em></span> <span class='ocrx_word' id='word_1_144' title='bbox 813 2585 868 2663; x_wconf 87' lang='grc' dir='ltr'>μέν</span> <span class='ocrx_word' id='word_1_145' title='bbox 903 2587 979 2650; x_wconf 91' lang='grc' dir='ltr'><em>ε’στιν</em></span> <span class='ocrx_word' id='word_1_146' title='bbox 1014 2584 1083 2651; x_wconf 84' lang='grc' dir='ltr'><em>ύταν</em></span> <span class='ocrx_word' id='word_1_147' title='bbox 1117 2586 1210 2665; x_wconf 74' lang='grc' dir='ltr'><em>ταγὸς</em></span> <span class='ocrx_word' id='word_1_148' title='bbox 1245 2585 1345 2652; x_wconf 76' lang='grc' dir='ltr'><em>ε’νίοίδε</em></span> 
     </span>
     <span class='ocr_line' id='line_1_18' title="bbox 224 2698 1345 2785; baseline 0.001 -22"><span class='ocrx_word' id='word_1_149' title='bbox 224 2708 371 2781; x_wconf 71' lang='grc' dir='ltr'><em>καταστῇ.</em></span> <span class='ocrx_word' id='word_1_150' title='bbox 414 2700 454 2764; x_wconf 90' lang='lat' dir='ltr'>In</span> <span class='ocrx_word' id='word_1_151' title='bbox 489 2700 607 2785; x_wconf 84' lang='lat' dir='ltr'>quibus</span> <span class='ocrx_word' id='word_1_152' title='bbox 643 2702 776 2765; x_wconf 86' lang='lat' dir='ltr'>molesta</span> <span class='ocrx_word' id='word_1_153' title='bbox 810 2706 859 2765; x_wconf 83' lang='lat' dir='ltr'>est</span> <span class='ocrx_word' id='word_1_154' title='bbox 891 2702 978 2766; x_wconf 88' lang='lat' dir='ltr'>istud</span> <span class='ocrx_word' id='word_1_155' title='bbox 1012 2698 1082 2765; x_wconf 75' lang='grc' dir='ltr'><em>ὅταν</em></span> <span class='ocrx_word' id='word_1_156' title='bbox 1117 2700 1210 2779; x_wconf 74' lang='grc' dir='ltr'><em>ταγὸς</em></span> <span class='ocrx_word' id='word_1_157' title='bbox 1245 2701 1345 2765; x_wconf 78' lang='grc' dir='ltr'><em>ἕνίύδε</em></span> 
     </span>
     <span class='ocr_line' id='line_1_19' title="bbox 223 2811 1345 2899; baseline 0.002 -23"><span class='ocrx_word' id='word_1_158' title='bbox 223 2820 371 2894; x_wconf 69' lang='grc' dir='ltr'><em>καταστῇ,</em></span> <span class='ocrx_word' id='word_1_159' title='bbox 392 2833 493 2898; x_wconf 94' lang='lat' dir='ltr'>quum</span> <span class='ocrx_word' id='word_1_160' title='bbox 512 2813 700 2878; x_wconf 90' lang='lat' dir='ltr'>brevissimo</span> <span class='ocrx_word' id='word_1_161' title='bbox 719 2814 886 2878; x_wconf 85' lang='lat' dir='ltr'>intervallo</span> <span class='ocrx_word' id='word_1_162' title='bbox 902 2814 1085 2899; x_wconf 86' lang='lat' dir='ltr'>praecedat:</span> <span class='ocrx_word' id='word_1_163' title='bbox 1099 2811 1169 2878; x_wconf 78' lang='grc' dir='ltr'><em>ὅταν</em></span> <span class='ocrx_word' id='word_1_164' title='bbox 1180 2812 1345 2891; x_wconf 76' lang='grc' dir='ltr'><em>ταγεύηται</em></span> 
     </span>
     <span class='ocr_line' id='line_1_20' title="bbox 225 2925 1343 3013; baseline 0.003 -24"><span class='ocrx_word' id='word_1_165' title='bbox 225 2925 387 2990; x_wconf 88' lang='grc' dir='ltr'><em>Θετταλία.</em></span> <span class='ocrx_word' id='word_1_166' title='bbox 411 2926 473 2991; x_wconf 89' lang='lat' dir='ltr'>Sed</span> <span class='ocrx_word' id='word_1_167' title='bbox 495 2946 628 3011; x_wconf 89' lang='lat' dir='ltr'>prorsus</span> <span class='ocrx_word' id='word_1_168' title='bbox 647 2927 778 2992; x_wconf 89' lang='lat' dir='ltr'>ferenda</span> <span class='ocrx_word' id='word_1_169' title='bbox 796 2948 862 2992; x_wconf 92' lang='lat' dir='ltr'>non</span> <span class='ocrx_word' id='word_1_170' title='bbox 882 2933 930 2993; x_wconf 92' lang='lat' dir='ltr'>est</span> <span class='ocrx_word' id='word_1_171' title='bbox 942 2928 1079 2993; x_wconf 90' lang='lat' dir='ltr'>absurda</span> <span class='ocrx_word' id='word_1_172' title='bbox 1093 2930 1343 3013; x_wconf 85' lang='lat' dir='ltr'>argumentatio:</span> 
     </span>
     <span class='ocr_line' id='line_1_21' title="bbox 224 3037 1346 3118; baseline 0.004 -16"><span class='ocrx_word' id='word_1_173' title='bbox 224 3039 330 3104; x_wconf 87' lang='lat' dir='ltr'>verbis</span> <span class='ocrx_word' id='word_1_174' title='bbox 366 3041 451 3104; x_wconf 90' lang='lat' dir='ltr'>enim</span> <span class='ocrx_word' id='word_1_175' title='bbox 484 3037 681 3111; x_wconf 82' lang='grc' dir='ltr'><em>πλατυτύτηι</em></span> <span class='ocrx_word' id='word_1_176' title='bbox 715 3064 752 3118; x_wconf 76' lang='grc' dir='ltr'>τε</span> <span class='ocrx_word' id='word_1_177' title='bbox 785 3039 845 3117; x_wconf 79' lang='grc' dir='ltr'>μην</span> <span class='ocrx_word' id='word_1_178' title='bbox 876 3046 934 3118; x_wconf 73' lang='grc' dir='ltr'>γῆς</span> <span class='ocrx_word' id='word_1_179' title='bbox 963 3039 1049 3114; x_wconf 88' lang='grc' dir='ltr'><em>ούοης</em></span> <span class='ocrx_word' id='word_1_180' title='bbox 1073 3039 1241 3113; x_wconf 88' lang='grc' dir='ltr'><em>Θετταλίας</em></span> <span class='ocrx_word' id='word_1_181' title='bbox 1264 3042 1346 3106; x_wconf 92' lang='lat' dir='ltr'>nihil</span> 
     </span>
     <span class='ocr_line' id='line_1_22' title="bbox 225 3150 1346 3239; baseline 0.002 -22"><span class='ocrx_word' id='word_1_182' title='bbox 225 3154 312 3217; x_wconf 88' lang='lat' dir='ltr'>aliud</span> <span class='ocrx_word' id='word_1_183' title='bbox 344 3154 555 3218; x_wconf 89' lang='lat' dir='ltr'>demonstrari</span> <span class='ocrx_word' id='word_1_184' title='bbox 577 3160 682 3238; x_wconf 87' lang='lat' dir='ltr'>potest</span> <span class='ocrx_word' id='word_1_185' title='bbox 706 3175 802 3239; x_wconf 92' lang='lat' dir='ltr'>quam</span> <span class='ocrx_word' id='word_1_186' title='bbox 826 3156 903 3219; x_wconf 91' lang='lat' dir='ltr'>hoc:</span> <span class='ocrx_word' id='word_1_187' title='bbox 925 3153 997 3228; x_wconf 86' lang='grc' dir='ltr'><em>είκύς</em></span> <span class='ocrx_word' id='word_1_188' title='bbox 1020 3155 1097 3220; x_wconf 83' lang='grc' dir='ltr'><em>ἐστιν</em></span> <span class='ocrx_word' id='word_1_189' title='bbox 1120 3154 1253 3235; x_wconf 81' lang='grc' dir='ltr'><em>ιίρίστονς</em></span> <span class='ocrx_word' id='word_1_190' title='bbox 1276 3150 1346 3220; x_wconf 81' lang='grc' dir='ltr'><em>εἶναι</em></span> 
     </span>
     <span class='ocr_line' id='line_1_23' title="bbox 224 3263 1346 3355; baseline 0.005 -27"><span class='ocrx_word' id='word_1_191' title='bbox 224 3265 291 3337; x_wconf 85' lang='grc' dir='ltr'><em>τοὺς</em></span> <span class='ocrx_word' id='word_1_192' title='bbox 314 3263 413 3330; x_wconf 76' lang='grc' dir='ltr'><em>ε’νύοίδε</em></span> <span class='ocrx_word' id='word_1_193' title='bbox 433 3264 543 3339; x_wconf 77' lang='grc' dir='ltr'><em>ἱππέας</em></span> <span class='ocrx_word' id='word_1_194' title='bbox 567 3272 599 3332; x_wconf 89' lang='lat' dir='ltr'>et</span> <span class='ocrx_word' id='word_1_195' title='bbox 622 3268 779 3332; x_wconf 88' lang='lat' dir='ltr'>eiusmodi</span> <span class='ocrx_word' id='word_1_196' title='bbox 803 3269 926 3353; x_wconf 88' lang='lat' dir='ltr'>ahquid</span> <span class='ocrx_word' id='word_1_197' title='bbox 949 3269 1001 3333; x_wconf 93' lang='lat' dir='ltr'>hic</span> <span class='ocrx_word' id='word_1_198' title='bbox 1024 3271 1145 3354; x_wconf 91' lang='lat' dir='ltr'>requiri</span> <span class='ocrx_word' id='word_1_199' title='bbox 1168 3289 1186 3335; x_wconf 89' lang='lat' dir='ltr'>e</span> <span class='ocrx_word' id='word_1_200' title='bbox 1210 3289 1346 3355; x_wconf 88' lang='lat' dir='ltr'>sequen-</span> 
     </span>
     <span class='ocr_line' id='line_1_24' title="bbox 225 3379 1347 3468; baseline 0.004 -24"><span class='ocrx_word' id='word_1_201' title='bbox 225 3379 312 3445; x_wconf 85' lang='lat' dir='ltr'>tibus</span> <span class='ocrx_word' id='word_1_202' title='bbox 347 3381 553 3446; x_wconf 88' lang='lat' dir='ltr'>manifestum</span> <span class='ocrx_word' id='word_1_203' title='bbox 587 3381 633 3464; x_wconf 83' lang='lat' dir='ltr'>fit,</span> <span class='ocrx_word' id='word_1_204' title='bbox 665 3381 722 3446; x_wconf 93' lang='lat' dir='ltr'>ubi</span> <span class='ocrx_word' id='word_1_205' title='bbox 753 3384 998 3467; x_wconf 86' lang='lat' dir='ltr'>demonstratur,</span> <span class='ocrx_word' id='word_1_206' title='bbox 1021 3404 1121 3468; x_wconf 87' lang='lat' dir='ltr'>quare</span> <span class='ocrx_word' id='word_1_207' title='bbox 1150 3387 1347 3451; x_wconf 80' lang='lat' dir='ltr'>accessesit</span> 
     </span>
     <span class='ocr_line' id='line_1_25' title="bbox 226 3497 1348 3581; baseline 0.004 -23"><span class='ocrx_word' id='word_1_208' title='bbox 226 3497 514 3578; x_wconf 86' lang='lat' dir='ltr'>praestantissimos</span> <span class='ocrx_word' id='word_1_209' title='bbox 538 3515 608 3561; x_wconf 88' lang='lat' dir='ltr'>esse</span> <span class='ocrx_word' id='word_1_210' title='bbox 629 3497 780 3581; x_wconf 83' lang='lat' dir='ltr'>peltastas</span> <span class='ocrx_word' id='word_1_211' title='bbox 801 3497 1044 3563; x_wconf 80' lang='lat' dir='ltr'>Thessalorum:</span> <span class='ocrx_word' id='word_1_212' title='bbox 1064 3498 1172 3578; x_wconf 77' lang='grc' dir='ltr'><em>σχεδὸν</em></span> <span class='ocrx_word' id='word_1_213' title='bbox 1192 3499 1224 3563; x_wconf 77' lang='grc' dir='ltr'>δὲ</span> <span class='ocrx_word' id='word_1_214' title='bbox 1236 3497 1348 3572; x_wconf 84' lang='grc' dir='ltr'><em>ποίντες</em></span> 
     </span>
     <span class='ocr_line' id='line_1_26' title="bbox 226 3604 1347 3694; baseline 0.006 -25"><span class='ocrx_word' id='word_1_215' title='bbox 226 3605 250 3669; x_wconf 87' lang='grc' dir='ltr'>σί</span> <span class='ocrx_word' id='word_1_216' title='bbox 279 3604 374 3688; x_wconf 87' lang='grc' dir='ltr'><em>ταύτη</em></span> <span class='ocrx_word' id='word_1_217' title='bbox 405 3608 578 3673; x_wconf 67' lang='grc' dir='ltr'><em>ἀκοντισταί</em></span> <span class='ocrx_word' id='word_1_218' title='bbox 605 3608 685 3672; x_wconf 87' lang='grc' dir='ltr'><em>είσιν·</em></span> <span class='ocrx_word' id='word_1_219' title='bbox 716 3607 791 3674; x_wconf 78' lang='grc' dir='ltr'><em>ὥστε</em></span> <span class='ocrx_word' id='word_1_220' title='bbox 812 3609 865 3675; x_wconf 79' lang='grc' dir='ltr'>καί</span> <span class='ocrx_word' id='word_1_221' title='bbox 888 3613 1077 3692; x_wconf 78' lang='grc' dir='ltr'><em>πελταστικῷ</em></span> <span class='ocrx_word' id='word_1_222' title='bbox 1100 3612 1172 3684; x_wconf 77' lang='grc' dir='ltr'><em>είκύς</em></span> <span class='ocrx_word' id='word_1_223' title='bbox 1196 3610 1347 3694; x_wconf 79' lang='grc' dir='ltr'><em>ὑπερέχειν</em></span> 
     </span>
     <span class='ocr_line' id='line_1_27' title="bbox 225 3720 599 3803; baseline 0.013 -22"><span class='ocrx_word' id='word_1_224' title='bbox 225 3721 279 3794; x_wconf 79' lang='grc' dir='ltr'><em>την</em></span> <span class='ocrx_word' id='word_1_225' title='bbox 302 3720 445 3803; x_wconf 72' lang='grc' dir='ltr'><em>ἡμετέραν</em></span> <span class='ocrx_word' id='word_1_226' title='bbox 467 3721 599 3800; x_wconf 71' lang='grc' dir='ltr'><em>δύναμιν.</em></span> 
     </span>
    </p>

    <p class='ocr_par' dir='ltr' id='par_1_4' title="bbox 226 3833 1346 4151">
     <span class='ocr_line' id='line_1_28' title="bbox 272 3833 1346 3919; baseline 0.006 -21"><span class='ocrx_word' id='word_1_227' title='bbox 272 3835 297 3919; x_wconf 88' lang='grc' dir='ltr'>Ι,</span> <span class='ocrx_word' id='word_1_228' title='bbox 323 3836 372 3900; x_wconf 90' lang='grc'>10.</span> <span class='ocrx_word' id='word_1_229' title='bbox 403 3833 454 3899; x_wconf 83' lang='grc' dir='ltr'>καί</span> <span class='ocrx_word' id='word_1_230' title='bbox 477 3834 537 3914; x_wconf 75' lang='grc' dir='ltr'>μην</span> <span class='ocrx_word' id='word_1_231' title='bbox 560 3836 675 3902; x_wconf 82' lang='grc' dir='ltr'><em>Βοιωτοί</em></span> <span class='ocrx_word' id='word_1_232' title='bbox 696 3861 733 3916; x_wconf 71' lang='lat' dir='ltr'>pa</span> <span class='ocrx_word' id='word_1_233' title='bbox 755 3836 807 3902; x_wconf 83' lang='grc' dir='ltr'>καί</span> <span class='ocrx_word' id='word_1_234' title='bbox 832 3838 855 3903; x_wconf 80' lang='grc' dir='ltr'>οἱ</span> <span class='ocrx_word' id='word_1_235' title='bbox 877 3837 963 3904; x_wconf 74' lang='grc' dir='ltr'><em>ἄλλοι</em></span> <span class='ocrx_word' id='word_1_236' title='bbox 986 3837 1095 3912; x_wconf 85' lang='grc' dir='ltr'><em>πύντες</em></span> <span class='ocrx_word' id='word_1_237' title='bbox 1117 3836 1174 3904; x_wconf 76' lang='grc' dir='ltr'><em>ὅσοι</em></span> <span class='ocrx_word' id='word_1_238' title='bbox 1196 3839 1346 3904; x_wconf 71' lang='grc' dir='ltr'><em>Λακεδαι-</em></span> 
     </span>
     <span class='ocr_line' id='line_1_29' title="bbox 227 3947 1341 4032; baseline 0.004 -20"><span class='ocrx_word' id='word_1_239' title='bbox 227 3947 331 4026; x_wconf 86' lang='grc' dir='ltr'><em>μονίοις</em></span> <span class='ocrx_word' id='word_1_240' title='bbox 351 3954 548 4027; x_wconf 80' lang='grc' dir='ltr'><em>πολεμοῦντες</em></span> <span class='ocrx_word' id='word_1_241' title='bbox 569 3948 734 4031; x_wconf 88' lang='grc' dir='ltr'><em>ύπιίρχοιισί</em></span> <span class='ocrx_word' id='word_1_242' title='bbox 745 3975 794 4030; x_wconf 90' lang='grc' dir='ltr'>μοι</span> <span class='ocrx_word' id='word_1_243' title='bbox 806 3951 978 4032; x_wconf 87' lang='grc' dir='ltr'><em>σύμμαχοι.</em></span> <span class='ocrx_word' id='word_1_244' title='bbox 992 3953 1156 4018; x_wconf 82' lang='lat' dir='ltr'>Claudioat</span> <span class='ocrx_word' id='word_1_245' title='bbox 1169 3957 1341 4020; x_wconf 86' lang='lat' dir='ltr'>sententia:</span> 
     </span>
     <span class='ocr_line' id='line_1_30' title="bbox 226 4062 1344 4151; baseline 0.004 -24"><span class='ocrx_word' id='word_1_246' title='bbox 226 4064 397 4148; x_wconf 86' lang='lat' dir='ltr'>legendum</span> <span class='ocrx_word' id='word_1_247' title='bbox 420 4070 468 4129; x_wconf 88' lang='lat' dir='ltr'>est</span> <span class='ocrx_word' id='word_1_248' title='bbox 490 4069 545 4128; x_wconf 92' lang='lat' dir='ltr'>aut</span> <span class='ocrx_word' id='word_1_249' title='bbox 564 4063 588 4129; x_wconf 85' lang='grc' dir='ltr'>οἱ</span> <span class='ocrx_word' id='word_1_250' title='bbox 609 4085 665 4151; x_wconf 91' lang='lat' dir='ltr'>pro</span> <span class='ocrx_word' id='word_1_251' title='bbox 688 4062 755 4139; x_wconf 84' lang='grc' dir='ltr'><em>ίσοι,</em></span> <span class='ocrx_word' id='word_1_252' title='bbox 779 4071 834 4131; x_wconf 88' lang='lat' dir='ltr'>aut</span> <span class='ocrx_word' id='word_1_253' title='bbox 857 4071 1034 4144; x_wconf 78' lang='grc' dir='ltr'><em>πολεμοῦσιν</em></span> <span class='ocrx_word' id='word_1_254' title='bbox 1057 4087 1114 4151; x_wconf 90' lang='lat' dir='ltr'>pro</span> <span class='ocrx_word' id='word_1_255' title='bbox 1139 4071 1344 4145; x_wconf 86' lang='grc' dir='ltr'><em>πολεμοῦντες.</em></span> 
     </span>
    </p>

    <p class='ocr_par' dir='ltr' id='par_1_5' title="bbox 227 4177 1348 4378">
     <span class='ocr_line' id='line_1_31' title="bbox 270 4177 1348 4267; baseline 0.006 -26"><span class='ocrx_word' id='word_1_256' title='bbox 270 4177 296 4260; x_wconf 87' lang='grc' dir='ltr'>Ι,</span> <span class='ocrx_word' id='word_1_257' title='bbox 321 4179 371 4242; x_wconf 91' lang='grc'>13.</span> <span class='ocrx_word' id='word_1_258' title='bbox 394 4177 537 4243; x_wconf 87' lang='lat' dir='ltr'>Narratis</span> <span class='ocrx_word' id='word_1_259' title='bbox 556 4197 631 4264; x_wconf 83' lang='lat' dir='ltr'>ergo</span> <span class='ocrx_word' id='word_1_260' title='bbox 650 4179 774 4245; x_wconf 84' lang='lat' dir='ltr'>Iasonis</span> <span class='ocrx_word' id='word_1_261' title='bbox 794 4181 973 4266; x_wconf 87' lang='lat' dir='ltr'>postulatis,</span> <span class='ocrx_word' id='word_1_262' title='bbox 985 4183 1030 4245; x_wconf 91' lang='lat' dir='ltr'>ita</span> <span class='ocrx_word' id='word_1_263' title='bbox 1043 4180 1215 4266; x_wconf 81' lang='lat' dir='ltr'>Spartanos</span> <span class='ocrx_word' id='word_1_264' title='bbox 1227 4182 1348 4267; x_wconf 84' lang='lat' dir='ltr'>alloqui</span> 
     </span>
     <span class='ocr_line' id='line_1_32' title="bbox 227 4291 1347 4378; baseline 0.003 -22"><span class='ocrx_word' id='word_1_265' title='bbox 227 4294 330 4378; x_wconf 83' lang='lat' dir='ltr'>pergit</span> <span class='ocrx_word' id='word_1_266' title='bbox 347 4293 556 4374; x_wconf 87' lang='lat' dir='ltr'>Polydamas:</span> <span class='ocrx_word' id='word_1_267' title='bbox 578 4291 642 4357; x_wconf 78' lang='grc' dir='ltr'><em>ἐπεὶ</em></span> <span class='ocrx_word' id='word_1_268' title='bbox 662 4293 693 4358; x_wconf 77' lang='grc' dir='ltr'>δὲ</span> <span class='ocrx_word' id='word_1_269' title='bbox 711 4293 797 4359; x_wconf 88' lang='grc' dir='ltr'><em>ταῦτ’</em></span> <span class='ocrx_word' id='word_1_270' title='bbox 815 4292 942 4368; x_wconf 87' lang='grc' dir='ltr'><em>είπίντος</em></span> <span class='ocrx_word' id='word_1_271' title='bbox 962 4295 1053 4360; x_wconf 83' lang='grc' dir='ltr'><em>αὐτοῦ</em></span> <span class='ocrx_word' id='word_1_272' title='bbox 1066 4293 1123 4372; x_wconf 70' lang='grc' dir='ltr'>ἐγὼ</span> <span class='ocrx_word' id='word_1_273' title='bbox 1135 4293 1347 4376; x_wconf 80' lang='grc' dir='ltr'><em>ιιπεκρινιίμην,</em></span> 
     </span>
    </p>
   </div>
   <div class='ocr_carea' id='block_1_4' title="bbox 0 0 1682 5262">
    <p class='ocr_par' dir='ltr' id='par_1_6' title="bbox 0 0 1682 5262">
     <span class='ocr_line' id='line_1_33' title="bbox 0 0 1682 5262; baseline 0 0"><span class='ocrx_word' id='word_1_274' title='bbox 0 0 1682 5262; x_wconf 95' lang='lat' dir='ltr'> </span> 
     </span>
    </p>
   </div>
  </div>
 </body>
</html>
