3330 5262
862 626 925 690 386

324 813 462 886 κοικεὸνοις
496 811 551 891 μὲν
588 809 719 874 συνέὸετο
754 809 971 891 προσπλεόντων
1005 833 1039 872 τε
1069 807 1120 872 κοιὸ
1151 806 1310 889 ὁρμούντων
1333 809 1370 881 ὡς
1392 807 1456 873 δέοι

325 925 485 1005 σκμιιίνειν.
510 925 599 998 οιὸτὸς
622 924 654 988 δὲ
676 927 733 988 τῶν
756 921 932 1004 τρικροὸρχων
950 919 1126 1003 προσέταξεν
1146 920 1256 996 εἴκοσιν,
1278 920 1325 994 οὓς
1344 922 1451 998 δεήσοι,

325 1040 387 1105 ἐπεῖ
418 1036 573 1120 κηρύξειεν,
605 1039 779 1102 ἀκολουθεῖν.
804 1038 843 1102 In
867 1039 1130 1123 praecedentibus
1153 1045 1259 1103 autem
1284 1045 1451 1104 narratum

326 1159 382 1238 est,
417 1175 512 1238 quam
548 1153 666 1218 laboris
700 1157 821 1237 partem
856 1153 925 1236 ipse
958 1154 1133 1236 susceperit
1162 1151 1338 1238 Iphicrates
1361 1152 1453 1222 ωὐτὸε

325 1268 412 1332 ἐλθὼν
445 1267 494 1330 κοιὸ
529 1263 726 1346 σκεψοὸμενος,
760 1285 848 1330 utine
880 1265 1016 1347 additur,
1049 1265 1128 1349 quid
1150 1266 1221 1329 aliis
1245 1265 1454 1329 mandaverit.

326 1381 476 1446 Absurde
499 1400 575 1465 ergo
599 1388 630 1445 et
654 1400 691 1445 ea
714 1381 905 1445 narrationis
928 1400 1001 1465 pars
1021 1379 1060 1444 ab
1080 1376 1170 1451 ωὐτὸς
1190 1381 1319 1465 incipit:
1335 1380 1452 1463 quodsi

327 1515 384 1580 pro
420 1515 457 1560 eo
490 1493 647 1558 vocabulo
678 1495 915 1558 restituerimus
946 1485 1019 1560 εἶτον,
1044 1513 1121 1557 sana
1144 1497 1237 1558 erunt
1261 1494 1375 1575 omnia,
1401 1493 1452 1558 vel

328 1610 435 1693 potius
468 1607 668 1672 levissimum
699 1606 830 1672 restabit
861 1607 984 1670 vitium.
1016 1605 1148 1690 Legitur
1170 1607 1256 1670 enim
1281 1608 1336 1668 τῶν
1359 1627 1452 1687 τριηρ-

327 1719 427 1801 οὸρχων
449 1715 625 1800 προσέταξεν
647 1716 766 1782 εἴκοσινι
790 1718 924 1784 verbum
949 1724 1055 1783 autem
1079 1716 1269 1798 προστάττειν
1289 1719 1366 1802 poni
1385 1738 1453 1782 non

328 1840 431 1918 potest
461 1835 525 1898 nisi
554 1835 700 1918 sequitur
723 1832 891 1915 obiectum,
915 1834 983 1897 sive
1007 1853 1123 1897 nomen
1146 1832 1278 1916 aliquod
1301 1833 1336 1895 in
1358 1852 1453 1897 accu-

329 1949 439 2030 sativo,
466 1949 534 2012 sive
558 1946 691 2011 verbum
715 1947 749 2009 in
772 1945 941 2010 infinitivo.
964 1945 1146 2010 Videndum
1171 1965 1245 2029 ergo
1269 1947 1352 2010 sitne
1375 1948 1453 2010 sim·

330 2061 406 2147 plex
429 2057 533 2134 ἔπνιξεν
557 2060 806 2125 restituendum:
832 2061 865 2122 id
888 2059 973 2123 enim
999 2060 1037 2124 de
1059 2059 1223 2124 laboribus
1247 2059 1452 2142 militaribus

330 2177 385 2259 qui
420 2175 528 2240 eleotis
560 2173 753 2257 quibusdam
785 2171 940 2236 militibus
971 2172 1148 2236 ducibusve
1173 2172 1375 2255 mandantur,
1399 2173 1454 2236 ad-

329 2289 432 2353 hiberi
457 2287 544 2352 solet.

374 2401 478 2486 Caput
501 2399 561 2482 III,
585 2401 613 2462 5.
636 2400 689 2463 Ad
711 2400 970 2483 persuadendum
993 2398 1164 2483 Spartanis,
1187 2404 1223 2463 nt
1246 2419 1356 2484 pacem
1376 2419 1452 2464 cum

330 2513 584 2580 Atheniensibus
617 2513 743 2596 faciant,
777 2515 837 2578 hoe
872 2515 973 2578 utitur
1007 2518 1195 2597 argumento
1231 2512 1363 2578 Callias:
1400 2511 1454 2576 κοιὸ

330 2625 480 2708 σωφρόνων
516 2623 570 2703 μὲν
605 2624 697 2698 δήπου
731 2623 794 2688 ε’στὸ
831 2625 907 2703 μηδὲ
941 2625 965 2690 εἱ
999 2625 1089 2707 μικρὸι
1122 2625 1163 2689 τὸι
1199 2624 1374 2706 διοιφέροντοι
1408 2623 1453 2699 sin

330 2738 458 2818 πόλεμον
490 2739 679 2819 οὸνιιιρεῖσὸοιι·
710 2738 733 2801 εἰ
761 2739 792 2802 δὲ
816 2739 850 2811 al
874 2737 925 2803 κοιὸ
949 2740 1213 2818 ὁμογνωμονοῖμεν,
1238 2739 1289 2802 οὐκ
1312 2737 1349 2802 ὁιν
1372 2737 1453 2803 ποὸνυ

330 2855 386 2918 τῶν
411 2854 589 2929 ὁοιυμοιστοὸν
613 2847 654 2923 εἴν
679 2851 722 2928 μὴ
746 2851 851 2932 cipriano
870 2853 1026 2928 ποιεῖσὸοιι;
1047 2851 1119 2916 Non
1140 2853 1179 2917 de
1199 2851 1454 2916 Atheniensibus

332 2967 563 3052 Spartanisque
586 2966 662 3030 solis
687 2966 770 3029 dicta
793 2966 870 3029 haec
893 2971 978 3049 sunt,
1002 2967 1057 3031 sed
1082 2967 1120 3030 de
1143 2965 1294 3029 omnibus
1315 2965 1453 3049 populis,

333 3082 419 3166 quod
450 3101 491 3145 ex
523 3081 671 3163 optativis
703 3084 839 3164 apparet.
871 3078 971 3143 Credo
1003 3100 1077 3165 ergo
1109 3100 1174 3144 non
1197 3078 1454 3156 ὁμογνωμονοῖμεν

332 3195 496 3278 scripsisse
519 3192 765 3276 Xenophontem
790 3212 903 3257 verum
925 3189 1162 3269 ὁμορνωμονοῖεν.

377 3307 436 3391 ΠΙ,
450 3308 499 3370 10.
520 3304 719 3370 Callistratus
731 3306 938 3370 Atheniensis
949 3307 983 3369 in
995 3312 1157 3370 conventu
1170 3307 1208 3370 de
1220 3325 1296 3390 pace
1307 3305 1453 3370 facienda

333 3421 463 3506 Spartae
496 3419 602 3484 habito
633 3425 664 3483 et
695 3419 757 3483 alia
787 3425 818 3483 et
847 3419 925 3484 haec
955 3419 1116 3502 loquitur:
1144 3425 1202 3501 „et
1225 3440 1244 3482 a
1266 3419 1358 3483 vobis
1381 3424 1455 3483 eta.

332 3535 425 3600 nobis
449 3553 572 3598 errores
595 3533 757 3597 commissi
780 3539 871 3596 sunt:
896 3533 952 3597 sed
970 3532 1202 3617 ignoscendum
1223 3537 1271 3596 est
1290 3532 1453 3597 erroribus

332 3650 517 3724 hominum;
550 3666 643 3711 nemo
677 3646 762 3710 enim
793 3665 850 3730 per
880 3652 977 3710 totam
1003 3648 1099 3710 vitam
1125 3645 1219 3730 culpa
1240 3665 1362 3710 vacuus
1386 3651 1453 3710 est:

333 3763 445 3828 δοκοῦσι
469 3759 500 3825 δέ
523 3783 572 3838 μοι
595 3757 646 3822 aa}
669 3757 848 3839 εὐπορώτεροι
871 3758 958 3822 ε’νίοτε
980 3757 1130 3837 γίγνεσθαι
1154 3755 1290 3838 ὁὸνὸρωποι
1309 3756 1452 3838 ὁμοιρτοὸ-

333 3876 459 3949 νοντες.”
492 3875 611 3940 Portus
641 3875 834 3939 adiectivum
864 3873 1043 3953 εὐπορώτεροι
1074 3873 1227 3956 explicat:
1253 3871 1450 3951 ἐμπειρότεροι.

333 3990 457 4073 Melius,
481 3991 602 4074 opinor,
623 3987 758 4070 fecisset,
777 3987 805 4050 si
827 3987 872 4050 ita
895 3988 1093 4051 correxisset.
1117 3984 1232 4070 Neque
1256 3987 1343 4049 enim
1366 3984 1453 4047 εὐπο-

331 4101 445 4182 ρώτερος
467 4101 626 4186 signifieat
648 4096 842 4179 ἐμπειρότερος
866 4104 897 4163 et
918 4118 994 4164 vora
1013 4099 1160 4164 adieetivi
1179 4095 1294 4178 εὔπορος
1316 4098 1364 4162 vis
1376 4098 1454 4161 huie

334 4216 404 4281 loco
427 4235 493 4279 non
515 4216 673 4279 convenit.

379 4328 438 4412 ΠΙ,
463 4329 513 4392 11.
536 4329 585 4392 lta
605 4326 803 4391 Callistratus
822 4327 940 4411 pergit:
958 4344 1076 4410 „saepe
1089 4343 1173 4408 quae
1184 4325 1329 4388 hominos
1340 4325 1453 4409 inique
