3352 5260
760 625 822 696 111

222 819 316 900 disse,
349 823 577 902 auctoremque
610 817 722 882 amicis
758 819 826 882 suis
857 818 966 900 101000,
996 836 1037 883 00
1059 818 1125 882 11110
1148 819 1269 884 artibus
1298 821 1344 884 010

222 930 455 1014 incumberent,
484 935 522 995 ut
550 936 714 1015 tamquam
745 932 780 994 in
810 950 918 996 earum
942 933 1172 997 remotissimos
1201 951 1348 998 recessus

224 1051 389 1130 penetrare
419 1051 620 1110 conarentur.
653 1043 736 1109 Satis
767 1045 898 1128 quidem
922 1045 981 1109 hoo
1003 1045 1082 1110 utile
1105 1051 1154 1110 est
1177 1045 1217 1110 ad
1241 1047 1350 1112 redar-

224 1160 371 1245 guendos
401 1179 465 1242 000,
490 1162 547 1243 qui
570 1159 733 1226 Socratem
755 1161 956 1224 inventutem
977 1161 1157 1244 corrupisse
1179 1162 1349 1225 insimula-

224 1279 313 1354 rent;
346 1275 400 1339 sed
417 1260 556 1338 'additur
578 1274 620 1356 id,
645 1274 732 1357 quod
756 1274 894 1338 eundem
918 1274 968 1337 vel
991 1273 1154 1340 iudicibus
1179 1275 1230 1338 vel
1254 1275 1350 1357 Poly-

225 1394 349 1453 crateae
384 1389 626 1453 declamationis
660 1386 836 1451 lectoribus
866 1392 1052 1470 suspectum
1081 1387 1209 1452 reddat:
1240 1389 1350 1472 ipsum

227 1502 388 1567 Socratem
411 1502 593 1566 reconditae
616 1501 704 1565 illius
728 1502 903 1585 sapientiae
926 1521 991 1565 non
1013 1501 1115 1566 fuisse
1134 1507 1306 1585 expertem.

272 1613 381 1697 Capite
405 1620 517 1678 octavo
540 1616 680 1697 primum
704 1615 886 1697 exponitur,
905 1615 945 1678 de
963 1611 1101 1694 δαιμονίῳ
1112 1614 1273 1680 Socratem
1286 1635 1352 1680 non

227 1745 299 1792 esse
333 1729 513 1809 mentitum,
549 1727 635 1811 quod
668 1729 725 1790 vix
756 1728 883 1791 credam
914 1727 1116 1809 Polycratem
1140 1729 1351 1795 contendisse.

226 1841 307 1905 Tum
332 1841 460 1925 qualem
485 1859 519 1905 se
543 1842 627 1905 etin
651 1840 771 1904 iudicio
792 1847 823 1904 et
841 1847 1009 1924 postquam
1024 1841 1255 1907 condemnatus
1268 1847 1352 1907 esset

227 1953 374 2018 Socrates
398 1956 593 2038 praestiterit
617 1959 784 2034 narratnr;
808 1959 969 2037 postremo
989 1954 1079 2019 brevi
1093 1960 1267 2038 conspectu
1281 1958 1352 2020 eius

229 2069 364 2132 virtutes
395 2073 634 2150 enumerantur,
657 2068 698 2131 ad
721 2087 840 2152 easque
863 2069 959 2133 ctiam
981 2068 1119 2133 refertur
1142 2069 1352 2153 discernendi,

227 2181 409 2265 definiendi,
446 2182 581 2259 dicendi,
616 2181 832 2263 examinandi,
862 2181 1027 2246 refellendi
1058 2201 1119 2265 ars,
1151 2203 1215 2266 qua
1238 2185 1351 2249 ceteris

228 2295 379 2360 omnibus
402 2294 550 2360 Socrates
573 2300 756 2379 praestaret.

272 2410 423 2474 Vidimus
447 2428 522 2494 ergo
548 2417 697 2493 quartum
722 2408 979 2474 Memorabilium
999 2409 1118 2473 librum
1132 2430 1169 2475 ea
1181 2412 1353 2494 continere,

227 2543 310 2607 quae
346 2525 406 2587 rix
438 2524 473 2586 in
504 2524 571 2587 0110
593 2523 778 2586 defensione
801 2522 941 2588 Socratis
964 2529 1074 2618 contra
1097 2524 1352 2590 adversariorum

227 2639 404 2703 calumnias
438 2643 523 2702 recte
553 2647 722 2721 ponantur,
746 2639 877 2702 minime
900 2657 975 2702 vero
999 2638 1075 2702 ferri
1098 2640 1221 2722 possint
1243 2640 1278 2703 in
1302 2659 1352 2704 rc·

229 2754 401 2837 sponsione
425 2752 465 2816 ad
482 2751 662 2832 Polycratis
683 2751 953 2815 declamationem.
974 2750 1132 2815 Novimus
1153 2754 1239 2816 enim
1255 2752 1352 2834 Poly-

227 2873 344 2930 cratem
387 2851 504 2930 Sritiae
545 2863 786 2947 Alcibiadisque
829 2863 976 2947 exemplo
1019 2863 1121 2945 Anyti
1155 2866 1276 2928 crimen
1313 2865 1352 2930 de

226 2981 394 3042 inventute
424 2999 445 3042 0
474 2977 603 3042 Socrate
635 2982 784 3060 corrupta
814 2981 1027 3041 sustentasse:
1053 2995 1136 3060 quae
1158 2996 1234 3041 vero
1258 2979 1352 3042 hica

226 3092 441 3177 Xenophonte
474 3091 653 3156 afferuntur
687 3091 844 3154 eiusmodi
878 3097 961 3167 sunt,
985 3097 1020 3155 ut
1056 3111 1151 3155 nemo
1175 3091 1352 3173 Polycratis

227 3207 334 3289 lector,
369 3209 426 3291 qui
460 3206 590 3290 quidem
625 3205 842 3288 philosophiae
865 3206 1035 3289 imperitus
1059 3211 1151 3286 esset,
1173 3206 1352 3290 intelligere

226 3326 343 3406 posset,
367 3320 446 3404 quid
467 3321 551 3384 inter
574 3318 712 3383 Socratis
739 3319 940 3403 disciplinam
966 3323 997 3382 et
1020 3319 1233 3403 sophistarum
1259 3321 1351 3384 insti-

228 3437 384 3500 tutionem
417 3436 593 3498 interesset.
625 3433 693 3496 Ant
724 3451 799 3517 ergo
823 3431 1044 3497 Memorabilia
1067 3451 1134 3496 non
1157 3452 1194 3498 eo
1218 3433 1351 3498 oonsilio

229 3550 404 3634 composita
433 3548 582 3632 editaque
604 3552 689 3629 sunt,
713 3565 777 3630 qno
802 3545 940 3610 Oobetus
962 3551 1080 3628 censet,
1103 3551 1160 3609 aut
1180 3547 1214 3608 in
1238 3551 1351 3629 quarto

229 3663 310 3728 libro
332 3663 500 3728 scribendo
524 3663 729 3727 vehementer
752 3681 770 3724 a
794 3680 853 3724 suo
876 3661 1049 3744 proposito,
1063 3661 1157 3724 cuius
1175 3661 1352 3724 iamsemel

228 3780 411 3863 iterumque
443 3777 561 3842 ohhtus
584 3782 658 3858 erat,
682 3777 814 3840 recessit
838 3773 1029 3858 Xenophon.
1054 3772 1117 3849 Qui
1143 3792 1217 3837 vero
1240 3779 1270 3837 et
1293 3773 1352 3838 Oo-

229 3891 301 3956 beto
332 3893 506 3957 assentitur
535 3898 566 3956 et
598 3891 698 3956 Geelii
721 3889 835 3974 probat
858 3890 1059 3970 sententiam,
1083 3888 1242 3952 censentis
1265 3889 1352 3971 Apo-

228 4006 345 4092 logiam
376 4005 524 4088 80000110,
555 4024 637 4088 quae
666 4004 876 4088 Xenophonti
906 4001 1069 4083 tribuitur,
1093 3999 1351 4066 Memorabilium

229 4123 305 4188 olim
342 4123 487 4186 ultimam
522 4127 644 4205 partem
678 4120 788 4202 fuisse,
823 4121 929 4202 iisque
963 4136 1038 4201 ergo
1071 4135 1142 4180 esse
1164 4116 1353 4200 addendam,

228 4237 334 4302 hercle
356 4238 385 4300 is
408 4255 550 4319 pannum
573 4252 680 4318 panno
704 4235 813 4298 assuit
838 4231 922 4296 Nam
945 4232 981 4294 in
1005 4232 1067 4294 ista
1089 4229 1255 4313 Apologia,
1269 4249 1352 4313 quae

229 4357 296 4416 1010
318 4356 366 4415 ost
389 4352 431 4414 34
455 4351 642 4432 sectionum,
664 4353 789 4432 praeter
811 4345 1042 4410 brevissimum
1061 4344 1171 4409 locum
1190 4344 1230 4408 de
1241 4344 1351 4426 Anyto
