<?xml version="1.0" encoding="UTF-8"?>
<!DOCTYPE html PUBLIC "-//W3C//DTD XHTML 1.0 Transitional//EN"
    "http://www.w3.org/TR/xhtml1/DTD/xhtml1-transitional.dtd">
<html xmlns="http://www.w3.org/1999/xhtml" xml:lang="en" lang="en">
 <head>
  <title>
</title>
<meta http-equiv="Content-Type" content="text/html;charset=utf-8" />
  <meta name='ocr-system' content='tesseract 3.04.00' />
  <meta name='ocr-capabilities' content='ocr_page ocr_carea ocr_par ocr_line ocrx_word'/>
</head>
<body>
  <div class='ocr_page' id='page_1' title='image "./analectaxenopho00hartgoog_0316.png"; bbox 0 0 3348 5262; ppageno 0'>
   <div class='ocr_carea' id='block_1_1' title="bbox 738 586 800 650">
    <p class='ocr_par' dir='ltr' id='par_1_1' title="bbox 738 586 800 650">
     <span class='ocr_line' id='line_1_1' title="bbox 738 586 800 650; baseline 0 -1"><span class='ocrx_word' id='word_1_1' title='bbox 738 586 800 650; x_wconf 84' lang='lat'>301</span> 
     </span>
    </p>
   </div>
   <div class='ocr_carea' id='block_1_2' title="bbox 203 768 1417 4375">
    <p class='ocr_par' dir='ltr' id='par_1_2' title="bbox 203 768 1334 1538">
     <span class='ocr_line' id='line_1_2' title="bbox 247 768 1330 858; baseline 0.006 -26"><span class='ocrx_word' id='word_1_2' title='bbox 247 768 289 853; x_wconf 80' lang='grc' dir='ltr'>Π,</span> <span class='ocrx_word' id='word_1_3' title='bbox 314 771 341 833; x_wconf 81' lang='grc'>7.</span> <span class='ocrx_word' id='word_1_4' title='bbox 365 770 531 852; x_wconf 82' lang='lat' dir='ltr'><strong>Lysander</strong></span> <span class='ocrx_word' id='word_1_5' title='bbox 553 770 724 837; x_wconf 76' lang='lat' dir='ltr'>Deceleam</span> <span class='ocrx_word' id='word_1_6' title='bbox 745 772 785 837; x_wconf 90' lang='lat' dir='ltr'>ad</span> <span class='ocrx_word' id='word_1_7' title='bbox 804 773 945 857; x_wconf 80' lang='lat' dir='ltr'>Agidem</span> <span class='ocrx_word' id='word_1_8' title='bbox 967 777 999 837; x_wconf 91' lang='lat' dir='ltr'>et</span> <span class='ocrx_word' id='word_1_9' title='bbox 1011 773 1158 858; x_wconf 85' lang='lat' dir='ltr'>Spartam</span> <span class='ocrx_word' id='word_1_10' title='bbox 1171 777 1330 839; x_wconf 89' lang='lat' dir='ltr'>nuntium</span> 
     </span>
     <span class='ocr_line' id='line_1_3' title="bbox 204 884 1330 966; baseline 0.004 -20"><span class='ocrx_word' id='word_1_11' title='bbox 204 884 310 966; x_wconf 88' lang='lat' dir='ltr'>mittit,</span> <span class='ocrx_word' id='word_1_12' title='bbox 334 903 369 948; x_wconf 90' lang='lat' dir='ltr'>se</span> <span class='ocrx_word' id='word_1_13' title='bbox 391 903 467 948; x_wconf 89' lang='lat' dir='ltr'>cum</span> <span class='ocrx_word' id='word_1_14' title='bbox 492 886 594 951; x_wconf 88' lang='lat' dir='ltr'>classe</span> <span class='ocrx_word' id='word_1_15' title='bbox 619 887 834 951; x_wconf 87' lang='lat' dir='ltr'>ducentarum</span> <span class='ocrx_word' id='word_1_16' title='bbox 862 889 997 951; x_wconf 88' lang='lat' dir='ltr'>navium</span> <span class='ocrx_word' id='word_1_17' title='bbox 1024 888 1205 952; x_wconf 89' lang='lat' dir='ltr'>adventare.</span> <span class='ocrx_word' id='word_1_18' title='bbox 1229 890 1330 951; x_wconf 83' lang='grc' dir='ltr'><em>Λακε-</em></span> 
     </span>
     <span class='ocr_line' id='line_1_4' title="bbox 204 995 1333 1080; baseline 0.002 -21"><span class='ocrx_word' id='word_1_19' title='bbox 204 995 343 1074; x_wconf 87' lang='grc' dir='ltr'><em>δαιμύνιοι</em></span> <span class='ocrx_word' id='word_1_20' title='bbox 377 997 408 1061; x_wconf 76' lang='grc' dir='ltr'>δὲ</span> <span class='ocrx_word' id='word_1_21' title='bbox 442 995 551 1080; x_wconf 71' lang='grc' dir='ltr'><em>ἐξῇσαν</em></span> <span class='ocrx_word' id='word_1_22' title='bbox 587 996 737 1077; x_wconf 77' lang='grc' dir='ltr'><em>πανδαμεί</em></span> <span class='ocrx_word' id='word_1_23' title='bbox 771 996 823 1063; x_wconf 81' lang='grc' dir='ltr'><em>καί</em></span> <span class='ocrx_word' id='word_1_24' title='bbox 855 999 879 1064; x_wconf 87' lang='grc' dir='ltr'>οί</span> <span class='ocrx_word' id='word_1_25' title='bbox 901 997 986 1063; x_wconf 82' lang='grc' dir='ltr'><em>οίλλοι</em></span> <span class='ocrx_word' id='word_1_26' title='bbox 1011 1001 1232 1075; x_wconf 74' lang='grc' dir='ltr'><em>Πελοποννήσιοι</em></span> <span class='ocrx_word' id='word_1_27' title='bbox 1254 998 1333 1072; x_wconf 68' lang='grc' dir='ltr'><em>πλὴν</em></span> 
     </span>
     <span class='ocr_line' id='line_1_5' title="bbox 205 1103 1332 1193; baseline 0.003 -20"><span class='ocrx_word' id='word_1_28' title='bbox 205 1108 344 1190; x_wconf 72' lang='grc' dir='ltr'><em>’Λργείων</em></span> <span class='ocrx_word' id='word_1_29' title='bbox 367 1111 626 1192; x_wconf 65' lang='grc' dir='ltr'>παραγγείλαντος</span> <span class='ocrx_word' id='word_1_30' title='bbox 646 1116 697 1176; x_wconf 81' lang='grc' dir='ltr'>τοῦ</span> <span class='ocrx_word' id='word_1_31' title='bbox 716 1103 809 1193; x_wconf 80' lang='grc' dir='ltr'><em>ἑτέρου</em></span> <span class='ocrx_word' id='word_1_32' title='bbox 829 1113 1068 1189; x_wconf 89' lang='grc' dir='ltr'><em>Λακεδαιμονίων</em></span> <span class='ocrx_word' id='word_1_33' title='bbox 1089 1111 1237 1191; x_wconf 83' lang='grc' dir='ltr'><em>βασιλέως</em></span> <span class='ocrx_word' id='word_1_34' title='bbox 1249 1122 1332 1176; x_wconf 88' lang='grc' dir='ltr'><em>Παυ-</em></span> 
     </span>
     <span class='ocr_line' id='line_1_6' title="bbox 206 1221 1334 1311; baseline 0.005 -27"><span class='ocrx_word' id='word_1_35' title='bbox 206 1221 314 1287; x_wconf 89' lang='grc' dir='ltr'><em>σανίου.</em></span> <span class='ocrx_word' id='word_1_36' title='bbox 338 1225 431 1289; x_wconf 84' lang='lat' dir='ltr'>Istud</span> <span class='ocrx_word' id='word_1_37' title='bbox 454 1225 692 1304; x_wconf 90' lang='grc' dir='ltr'><em>Λακεδαιμονίων</em></span> <span class='ocrx_word' id='word_1_38' title='bbox 715 1226 775 1290; x_wconf 84' lang='lat' dir='ltr'>tibi</span> <span class='ocrx_word' id='word_1_39' title='bbox 798 1227 879 1291; x_wconf 91' lang='lat' dir='ltr'>habe</span> <span class='ocrx_word' id='word_1_40' title='bbox 901 1228 1008 1310; x_wconf 84' lang='lat' dir='ltr'>inepte</span> <span class='ocrx_word' id='word_1_41' title='bbox 1033 1227 1228 1311; x_wconf 81' lang='lat' dir='ltr'>magistelle!</span> <span class='ocrx_word' id='word_1_42' title='bbox 1251 1226 1334 1290; x_wconf 88' lang='lat' dir='ltr'>Nul-</span> 
     </span>
     <span class='ocr_line' id='line_1_7' title="bbox 203 1337 1333 1423; baseline 0.003 -22"><span class='ocrx_word' id='word_1_43' title='bbox 203 1337 256 1402; x_wconf 90' lang='lat' dir='ltr'>lus</span> <span class='ocrx_word' id='word_1_44' title='bbox 279 1341 377 1420; x_wconf 90' lang='lat' dir='ltr'>enim,</span> <span class='ocrx_word' id='word_1_45' title='bbox 400 1340 481 1403; x_wconf 90' lang='lat' dir='ltr'>mihi</span> <span class='ocrx_word' id='word_1_46' title='bbox 504 1341 606 1423; x_wconf 88' lang='lat' dir='ltr'>crede,</span> <span class='ocrx_word' id='word_1_47' title='bbox 631 1345 738 1405; x_wconf 90' lang='lat' dir='ltr'>metus</span> <span class='ocrx_word' id='word_1_48' title='bbox 762 1345 820 1422; x_wconf 88' lang='lat' dir='ltr'>est,</span> <span class='ocrx_word' id='word_1_49' title='bbox 843 1360 884 1404; x_wconf 92' lang='lat' dir='ltr'>ne</span> <span class='ocrx_word' id='word_1_50' title='bbox 908 1359 945 1404; x_wconf 91' lang='lat' dir='ltr'>eo</span> <span class='ocrx_word' id='word_1_51' title='bbox 970 1340 1126 1404; x_wconf 89' lang='lat' dir='ltr'>vocabulo</span> <span class='ocrx_word' id='word_1_52' title='bbox 1146 1339 1272 1405; x_wconf 90' lang='lat' dir='ltr'>sublato</span> <span class='ocrx_word' id='word_1_53' title='bbox 1294 1340 1333 1404; x_wconf 90' lang='lat' dir='ltr'>de</span> 
     </span>
     <span class='ocr_line' id='line_1_8' title="bbox 205 1451 1233 1538; baseline 0.001 -23"><span class='ocrx_word' id='word_1_54' title='bbox 205 1451 314 1536; x_wconf 89' lang='lat' dir='ltr'>aliquo</span> <span class='ocrx_word' id='word_1_55' title='bbox 337 1451 529 1535; x_wconf 77' lang='lat' dir='ltr'>Arpinorum</span> <span class='ocrx_word' id='word_1_56' title='bbox 552 1454 603 1518; x_wconf 84' lang='lat' dir='ltr'>vel</span> <span class='ocrx_word' id='word_1_57' title='bbox 626 1453 923 1534; x_wconf 64' lang='lat' dir='ltr'><em>Peloponnesiorum</em></span> <span class='ocrx_word' id='word_1_58' title='bbox 945 1473 1020 1537; x_wconf 81' lang='lat' dir='ltr'>rege</span> <span class='ocrx_word' id='word_1_59' title='bbox 1044 1455 1233 1538; x_wconf 82' lang='lat' dir='ltr'><strong>cogitemus.</strong></span> 
     </span>
    </p>

    <p class='ocr_par' dir='ltr' id='par_1_3' title="bbox 206 1560 1334 2327">
     <span class='ocr_line' id='line_1_9' title="bbox 250 1560 1331 1648; baseline 0.003 -21"><span class='ocrx_word' id='word_1_60' title='bbox 250 1564 292 1648; x_wconf 92' lang='lat' dir='ltr'>H,</span> <span class='ocrx_word' id='word_1_61' title='bbox 328 1567 378 1628; x_wconf 89' lang='grc'>10.</span> <span class='ocrx_word' id='word_1_62' title='bbox 412 1563 541 1645; x_wconf 87' lang='grc' dir='ltr'><em>ε’νύμιζον</em></span> <span class='ocrx_word' id='word_1_63' title='bbox 571 1565 603 1630; x_wconf 82' lang='grc' dir='ltr'>δὲ</span> <span class='ocrx_word' id='word_1_64' title='bbox 634 1566 772 1644; x_wconf 79' lang='grc' dir='ltr'><em>οὐδεμίαν</em></span> <span class='ocrx_word' id='word_1_65' title='bbox 803 1560 873 1630; x_wconf 79' lang='grc' dir='ltr'><em>εἶναι</em></span> <span class='ocrx_word' id='word_1_66' title='bbox 903 1564 1044 1646; x_wconf 73' lang='grc' dir='ltr'>σωτηρίαν</span> <span class='ocrx_word' id='word_1_67' title='bbox 1075 1565 1118 1642; x_wconf 69' lang='grc' dir='ltr'>μὴ</span> <span class='ocrx_word' id='word_1_68' title='bbox 1142 1567 1246 1630; x_wconf 82' lang='grc' dir='ltr'><em>παθεῖν</em></span> <span class='ocrx_word' id='word_1_69' title='bbox 1269 1566 1331 1630; x_wconf 83' lang='grc' dir='ltr'>κτὲ.</span> 
     </span>
     <span class='ocr_line' id='line_1_10' title="bbox 206 1677 1334 1764; baseline 0.004 -24"><span class='ocrx_word' id='word_1_70' title='bbox 206 1677 270 1741; x_wconf 91' lang='lat' dir='ltr'>Pro</span> <span class='ocrx_word' id='word_1_71' title='bbox 303 1679 347 1754; x_wconf 73' lang='grc' dir='ltr'>μή</span> <span class='ocrx_word' id='word_1_72' title='bbox 380 1699 494 1745; x_wconf 90' lang='lat' dir='ltr'>omnes</span> <span class='ocrx_word' id='word_1_73' title='bbox 525 1681 650 1746; x_wconf 88' lang='lat' dir='ltr'>codices</span> <span class='ocrx_word' id='word_1_74' title='bbox 681 1680 705 1743; x_wconf 83' lang='grc' dir='ltr'><em>εἰ</em></span> <span class='ocrx_word' id='word_1_75' title='bbox 728 1678 771 1757; x_wconf 76' lang='grc' dir='ltr'>μή</span> <span class='ocrx_word' id='word_1_76' title='bbox 796 1681 924 1764; x_wconf 87' lang='lat' dir='ltr'>habent,</span> <span class='ocrx_word' id='word_1_77' title='bbox 947 1685 1081 1764; x_wconf 85' lang='lat' dir='ltr'>excepto</span> <span class='ocrx_word' id='word_1_78' title='bbox 1105 1681 1215 1744; x_wconf 88' lang='lat' dir='ltr'>codice</span> <span class='ocrx_word' id='word_1_79' title='bbox 1237 1680 1273 1744; x_wconf 84' lang='grc' dir='ltr'>Ε.</span> <span class='ocrx_word' id='word_1_80' title='bbox 1298 1682 1334 1744; x_wconf 94' lang='lat' dir='ltr'>in</span> 
     </span>
     <span class='ocr_line' id='line_1_11' title="bbox 207 1790 1334 1877; baseline 0.003 -24"><span class='ocrx_word' id='word_1_81' title='bbox 207 1809 272 1873; x_wconf 90' lang='lat' dir='ltr'>quc</span> <span class='ocrx_word' id='word_1_82' title='bbox 294 1795 345 1854; x_wconf 80' lang='grc' dir='ltr'>τοῦ</span> <span class='ocrx_word' id='word_1_83' title='bbox 371 1790 414 1868; x_wconf 66' lang='lat' dir='ltr'>poi</span> <span class='ocrx_word' id='word_1_84' title='bbox 438 1793 567 1876; x_wconf 82' lang='lat' dir='ltr'>legitur,</span> <span class='ocrx_word' id='word_1_85' title='bbox 592 1813 691 1877; x_wconf 91' lang='lat' dir='ltr'>quem</span> <span class='ocrx_word' id='word_1_86' title='bbox 716 1795 864 1877; x_wconf 88' lang='lat' dir='ltr'>sequitur</span> <span class='ocrx_word' id='word_1_87' title='bbox 888 1792 1084 1856; x_wconf 84' lang='lat' dir='ltr'>Dindorfius</span> <span class='ocrx_word' id='word_1_88' title='bbox 1103 1792 1273 1857; x_wconf 91' lang='lat' dir='ltr'>Probabile</span> <span class='ocrx_word' id='word_1_89' title='bbox 1285 1797 1334 1858; x_wconf 92' lang='lat' dir='ltr'>est</span> 
     </span>
     <span class='ocr_line' id='line_1_12' title="bbox 206 1904 1332 1990; baseline 0.004 -24"><span class='ocrx_word' id='word_1_90' title='bbox 206 1904 242 1967; x_wconf 92' lang='lat' dir='ltr'>in</span> <span class='ocrx_word' id='word_1_91' title='bbox 264 1909 392 1969; x_wconf 85' lang='lat' dir='ltr'>vetusto</span> <span class='ocrx_word' id='word_1_92' title='bbox 414 1906 522 1970; x_wconf 87' lang='lat' dir='ltr'>codice</span> <span class='ocrx_word' id='word_1_93' title='bbox 544 1927 721 1990; x_wconf 89' lang='lat' dir='ltr'>paucarum</span> <span class='ocrx_word' id='word_1_94' title='bbox 747 1906 914 1971; x_wconf 88' lang='lat' dir='ltr'>literarum</span> <span class='ocrx_word' id='word_1_95' title='bbox 931 1907 1032 1971; x_wconf 88' lang='lat' dir='ltr'>fnisse</span> <span class='ocrx_word' id='word_1_96' title='bbox 1051 1907 1211 1989; x_wconf 78' lang='lat' dir='ltr'>lacunam,</span> <span class='ocrx_word' id='word_1_97' title='bbox 1232 1927 1332 1990; x_wconf 88' lang='lat' dir='ltr'>quam</span> 
     </span>
     <span class='ocr_line' id='line_1_13' title="bbox 206 2019 1332 2104; baseline 0.004 -26"><span class='ocrx_word' id='word_1_98' title='bbox 206 2020 423 2082; x_wconf 79' lang='lat' dir='ltr'>recentiorum</span> <span class='ocrx_word' id='word_1_99' title='bbox 448 2021 619 2104; x_wconf 82' lang='lat' dir='ltr'>scriptores</span> <span class='ocrx_word' id='word_1_100' title='bbox 643 2025 811 2103; x_wconf 87' lang='lat' dir='ltr'>utcunque</span> <span class='ocrx_word' id='word_1_101' title='bbox 835 2021 1045 2104; x_wconf 86' lang='lat' dir='ltr'>expleverint.</span> <span class='ocrx_word' id='word_1_102' title='bbox 1069 2019 1223 2101; x_wconf 86' lang='lat' dir='ltr'>Syntaxis</span> <span class='ocrx_word' id='word_1_103' title='bbox 1244 2021 1332 2084; x_wconf 89' lang='lat' dir='ltr'>enim</span> 
     </span>
     <span class='ocr_line' id='line_1_14' title="bbox 207 2131 1332 2216; baseline 0.001 -21"><span class='ocrx_word' id='word_1_104' title='bbox 207 2131 344 2216; x_wconf 82' lang='lat' dir='ltr'>flagitat:</span> <span class='ocrx_word' id='word_1_105' title='bbox 381 2131 425 2208; x_wconf 70' lang='grc' dir='ltr'>μὴ</span> <span class='ocrx_word' id='word_1_106' title='bbox 456 2133 488 2196; x_wconf 90' lang='grc' dir='ltr'>ού</span> <span class='ocrx_word' id='word_1_107' title='bbox 519 2133 628 2196; x_wconf 82' lang='grc' dir='ltr'><em>παθεῖν.</em></span> <span class='ocrx_word' id='word_1_108' title='bbox 662 2132 710 2196; x_wconf 77' lang='lat' dir='ltr'>Of.</span> <span class='ocrx_word' id='word_1_109' title='bbox 741 2133 833 2197; x_wconf 86' lang='lat' dir='ltr'>Plato</span> <span class='ocrx_word' id='word_1_110' title='bbox 856 2133 974 2197; x_wconf 88' lang='lat' dir='ltr'>Phacd.</span> <span class='ocrx_word' id='word_1_111' title='bbox 998 2134 1040 2196; x_wconf 74' lang='lat'>72</span> <span class='ocrx_word' id='word_1_112' title='bbox 1065 2133 1112 2196; x_wconf 80' lang='lat' dir='ltr'>A:</span> <span class='ocrx_word' id='word_1_113' title='bbox 1137 2132 1182 2205; x_wconf 90' lang='grc' dir='ltr'>τίς</span> <span class='ocrx_word' id='word_1_114' title='bbox 1205 2133 1332 2212; x_wconf 74' lang='grc' dir='ltr'><em>μνχανθι</em></span> 
     </span>
     <span class='ocr_line' id='line_1_15' title="bbox 208 2242 1026 2327; baseline -0.001 -19"><span class='ocrx_word' id='word_1_115' title='bbox 208 2245 251 2321; x_wconf 73' lang='grc' dir='ltr'>μθ</span> <span class='ocrx_word' id='word_1_116' title='bbox 275 2242 344 2324; x_wconf 80' lang='grc' dir='ltr'><em>οὐχί</em></span> <span class='ocrx_word' id='word_1_117' title='bbox 368 2243 471 2309; x_wconf 89' lang='grc' dir='ltr'><em>ποίντα</em></span> <span class='ocrx_word' id='word_1_118' title='bbox 495 2246 736 2319; x_wconf 77' lang='grc' dir='ltr'><em>καταναλωθῆναι</em></span> <span class='ocrx_word' id='word_1_119' title='bbox 762 2245 800 2316; x_wconf 86' lang='grc' dir='ltr'><em>είς</em></span> <span class='ocrx_word' id='word_1_120' title='bbox 823 2245 856 2309; x_wconf 78' lang='grc' dir='ltr'>τὸ</span> <span class='ocrx_word' id='word_1_121' title='bbox 879 2243 1026 2327; x_wconf 82' lang='grc' dir='ltr'><em>τεθνοίναι;</em></span> 
     </span>
    </p>

    <p class='ocr_par' dir='ltr' id='par_1_4' title="bbox 207 2355 1335 3238">
     <span class='ocr_line' id='line_1_16' title="bbox 253 2355 1333 2441; baseline -0.002 -19"><span class='ocrx_word' id='word_1_122' title='bbox 253 2357 443 2441; x_wconf 80' lang='lat' dir='ltr'>Sequuntur</span> <span class='ocrx_word' id='word_1_123' title='bbox 473 2359 569 2423; x_wconf 88' lang='lat' dir='ltr'>haec:</span> <span class='ocrx_word' id='word_1_124' title='bbox 601 2355 622 2422; x_wconf 82' lang='grc' dir='ltr'>ίι</span> <span class='ocrx_word' id='word_1_125' title='bbox 654 2359 684 2422; x_wconf 91' lang='grc' dir='ltr'>ού</span> <span class='ocrx_word' id='word_1_126' title='bbox 712 2356 917 2438; x_wconf 80' lang='grc' dir='ltr'><em>τιμωρούμενον</em></span> <span class='ocrx_word' id='word_1_127' title='bbox 941 2357 1079 2431; x_wconf 80' lang='grc' dir='ltr'><em>ε’ποίκσαν</em></span> <span class='ocrx_word' id='word_1_128' title='bbox 1103 2357 1187 2422; x_wconf 68' lang='grc' dir='ltr'><em>ἄλλα</em></span> <span class='ocrx_word' id='word_1_129' title='bbox 1209 2356 1258 2422; x_wconf 78' lang='grc' dir='ltr'><em>δια</em></span> <span class='ocrx_word' id='word_1_130' title='bbox 1280 2356 1333 2430; x_wconf 67' lang='grc' dir='ltr'>τὴν</span> 
     </span>
     <span class='ocr_line' id='line_1_17' title="bbox 208 2465 1331 2553; baseline 0.003 -22"><span class='ocrx_word' id='word_1_131' title='bbox 208 2465 291 2550; x_wconf 84' lang='grc' dir='ltr'><em>ύβριν</em></span> <span class='ocrx_word' id='word_1_132' title='bbox 315 2468 426 2542; x_wconf 73' lang='grc' dir='ltr'><em>ἠδίκουν</em></span> <span class='ocrx_word' id='word_1_133' title='bbox 450 2470 611 2552; x_wconf 71' lang='grc' dir='ltr'><em>ἀνθρώπους</em></span> <span class='ocrx_word' id='word_1_134' title='bbox 635 2469 843 2551; x_wconf 79' lang='grc' dir='ltr'><em>μικροπολίτας</em></span> <span class='ocrx_word' id='word_1_135' title='bbox 867 2470 927 2534; x_wconf 81' lang='grc' dir='ltr'><em>οὐδ’</em></span> <span class='ocrx_word' id='word_1_136' title='bbox 950 2468 1000 2534; x_wconf 81' lang='grc' dir='ltr'><em>ε’πί</em></span> <span class='ocrx_word' id='word_1_137' title='bbox 1024 2475 1081 2553; x_wconf 72' lang='grc' dir='ltr'>μιᾷ</span> <span class='ocrx_word' id='word_1_138' title='bbox 1103 2469 1186 2553; x_wconf 77' lang='grc' dir='ltr'><em>αἰτία</em></span> <span class='ocrx_word' id='word_1_139' title='bbox 1209 2467 1331 2552; x_wconf 77' lang='grc' dir='ltr'><em>ἕτέρροῆ</em></span> 
     </span>
     <span class='ocr_line' id='line_1_18' title="bbox 208 2579 1333 2669; baseline 0.001 -23"><span class='ocrx_word' id='word_1_140' title='bbox 208 2579 250 2646; x_wconf 78' lang='grc' dir='ltr'><em>θ’πι</em></span> <span class='ocrx_word' id='word_1_141' title='bbox 285 2582 397 2656; x_wconf 84' lang='grc' dir='ltr'><em>ἐκείνοις</em></span> <span class='ocrx_word' id='word_1_142' title='bbox 430 2581 628 2665; x_wconf 81' lang='grc' dir='ltr'><em>συνεμοίχουν.</em></span> <span class='ocrx_word' id='word_1_143' title='bbox 663 2584 776 2669; x_wconf 86' lang='lat' dir='ltr'>Inepte</span> <span class='ocrx_word' id='word_1_144' title='bbox 808 2585 906 2649; x_wconf 88' lang='lat' dir='ltr'>verbo</span> <span class='ocrx_word' id='word_1_145' title='bbox 935 2585 1046 2650; x_wconf 82' lang='grc' dir='ltr'><em>οὶδικείν</em></span> <span class='ocrx_word' id='word_1_146' title='bbox 1069 2587 1207 2650; x_wconf 73' lang='grc' dir='ltr'><em>κοτίνοιο]</em></span> <span class='ocrx_word' id='word_1_147' title='bbox 1232 2589 1333 2658; x_wconf 81' lang='grc' dir='ltr'><em>ποιεῖν,</em></span> 
     </span>
     <span class='ocr_line' id='line_1_19' title="bbox 207 2699 1334 2784; baseline 0.002 -22"><span class='ocrx_word' id='word_1_148' title='bbox 207 2700 348 2782; x_wconf 91' lang='lat' dir='ltr'>ineptius</span> <span class='ocrx_word' id='word_1_149' title='bbox 372 2702 470 2764; x_wconf 88' lang='lat' dir='ltr'>etiam</span> <span class='ocrx_word' id='word_1_150' title='bbox 493 2701 680 2784; x_wconf 87' lang='lat' dir='ltr'>imperfecto</span> <span class='ocrx_word' id='word_1_151' title='bbox 705 2699 817 2772; x_wconf 76' lang='grc' dir='ltr'><em>ἠδίκουν</em></span> <span class='ocrx_word' id='word_1_152' title='bbox 838 2701 976 2764; x_wconf 87' lang='lat' dir='ltr'>aoristus</span> <span class='ocrx_word' id='word_1_153' title='bbox 995 2699 1134 2774; x_wconf 77' lang='grc' dir='ltr'><em>ε’ποίκσαν</em></span> <span class='ocrx_word' id='word_1_154' title='bbox 1153 2701 1334 2784; x_wconf 90' lang='lat' dir='ltr'>opponitur.</span> 
     </span>
     <span class='ocr_line' id='line_1_20' title="bbox 208 2796 1331 2898; baseline 0 -22"><span class='ocrx_word' id='word_1_155' title='bbox 208 2811 321 2877; x_wconf 88' lang='lat' dir='ltr'>Deleto</span> <span class='ocrx_word' id='word_1_156' title='bbox 353 2813 450 2879; x_wconf 86' lang='lat' dir='ltr'>verbo</span> <span class='ocrx_word' id='word_1_157' title='bbox 481 2812 620 2887; x_wconf 81' lang='grc' dir='ltr'><em>ἐποίησαν</em></span> <span class='ocrx_word' id='word_1_158' title='bbox 644 2796 762 2878; x_wconf 74' lang='grc' dir='ltr'><em>οιιιιύυ</em></span> <span class='ocrx_word' id='word_1_159' title='bbox 776 2818 861 2879; x_wconf 87' lang='lat' dir='ltr'>recte</span> <span class='ocrx_word' id='word_1_160' title='bbox 881 2813 1066 2898; x_wconf 87' lang='lat' dir='ltr'>procedunt.</span> <span class='ocrx_word' id='word_1_161' title='bbox 1090 2812 1219 2897; x_wconf 90' lang='lat' dir='ltr'>Optime</span> <span class='ocrx_word' id='word_1_162' title='bbox 1244 2814 1331 2877; x_wconf 92' lang='lat' dir='ltr'>enim</span> 
     </span>
     <span class='ocr_line' id='line_1_21' title="bbox 208 2925 1332 3013; baseline -0.002 -23"><span class='ocrx_word' id='word_1_163' title='bbox 208 2928 293 2991; x_wconf 88' lang='lat' dir='ltr'>inter</span> <span class='ocrx_word' id='word_1_164' title='bbox 323 2947 357 2992; x_wconf 86' lang='lat' dir='ltr'>se</span> <span class='ocrx_word' id='word_1_165' title='bbox 380 2933 589 3013; x_wconf 86' lang='lat' dir='ltr'>opponuntur</span> <span class='ocrx_word' id='word_1_166' title='bbox 610 2925 822 3007; x_wconf 80' lang='grc' dir='ltr'><em>τιμωρούμενον</em></span> <span class='ocrx_word' id='word_1_167' title='bbox 844 2928 956 2991; x_wconf 80' lang='grc' dir='ltr'><em>οίδικείν</em></span> <span class='ocrx_word' id='word_1_168' title='bbox 980 2933 1011 2992; x_wconf 86' lang='lat' dir='ltr'>et</span> <span class='ocrx_word' id='word_1_169' title='bbox 1034 2926 1189 3008; x_wconf 83' lang='grc' dir='ltr'><em>ὑβρίζοντα</em></span> <span class='ocrx_word' id='word_1_170' title='bbox 1211 2926 1332 2998; x_wconf 84' lang='grc' dir='ltr'><em>οίδικείν,</em></span> 
     </span>
     <span class='ocr_line' id='line_1_22' title="bbox 210 3041 1335 3126; baseline -0.001 -22"><span class='ocrx_word' id='word_1_171' title='bbox 210 3042 286 3124; x_wconf 90' lang='lat' dir='ltr'>qnia</span> <span class='ocrx_word' id='word_1_172' title='bbox 320 3041 431 3104; x_wconf 82' lang='grc' dir='ltr'><em>οίδικείν</em></span> <span class='ocrx_word' id='word_1_173' title='bbox 465 3063 531 3107; x_wconf 91' lang='lat' dir='ltr'>ncn</span> <span class='ocrx_word' id='word_1_174' title='bbox 564 3043 670 3107; x_wconf 88' lang='lat' dir='ltr'>solum</span> <span class='ocrx_word' id='word_1_175' title='bbox 703 3043 822 3107; x_wconf 90' lang='lat' dir='ltr'>dicitur</span> <span class='ocrx_word' id='word_1_176' title='bbox 853 3044 911 3126; x_wconf 90' lang='lat' dir='ltr'>qui</span> <span class='ocrx_word' id='word_1_177' title='bbox 940 3043 1069 3126; x_wconf 88' lang='lat' dir='ltr'>iniuria,</span> <span class='ocrx_word' id='word_1_178' title='bbox 1092 3042 1151 3106; x_wconf 89' lang='lat' dir='ltr'>scd</span> <span class='ocrx_word' id='word_1_179' title='bbox 1173 3043 1231 3125; x_wconf 88' lang='lat' dir='ltr'>qni</span> <span class='ocrx_word' id='word_1_180' title='bbox 1255 3060 1335 3124; x_wconf 91' lang='lat' dir='ltr'>quc-</span> 
     </span>
     <span class='ocr_line' id='line_1_23' title="bbox 209 3155 977 3238; baseline 0 -20"><span class='ocrx_word' id='word_1_181' title='bbox 209 3173 338 3238; x_wconf 89' lang='lat' dir='ltr'>ounqne</span> <span class='ocrx_word' id='word_1_182' title='bbox 361 3155 492 3220; x_wconf 88' lang='lat' dir='ltr'>tandem</span> <span class='ocrx_word' id='word_1_183' title='bbox 518 3156 603 3219; x_wconf 90' lang='lat' dir='ltr'>malo</span> <span class='ocrx_word' id='word_1_184' title='bbox 626 3156 847 3220; x_wconf 88' lang='lat' dir='ltr'>adversarium</span> <span class='ocrx_word' id='word_1_185' title='bbox 872 3155 977 3220; x_wconf 87' lang='lat' dir='ltr'>afficit.</span> 
     </span>
    </p>

    <p class='ocr_par' dir='ltr' id='par_1_5' title="bbox 209 3263 1337 3900">
     <span class='ocr_line' id='line_1_24' title="bbox 253 3263 1335 3350; baseline -0.001 -19"><span class='ocrx_word' id='word_1_186' title='bbox 253 3267 296 3350; x_wconf 85' lang='grc' dir='ltr'>Π,</span> <span class='ocrx_word' id='word_1_187' title='bbox 333 3269 382 3332; x_wconf 89' lang='grc'>15.</span> <span class='ocrx_word' id='word_1_188' title='bbox 417 3266 481 3349; x_wconf 80' lang='grc' dir='ltr'><em>περί</em></span> <span class='ocrx_word' id='word_1_189' title='bbox 512 3267 543 3332; x_wconf 80' lang='grc' dir='ltr'>δὲ</span> <span class='ocrx_word' id='word_1_190' title='bbox 573 3271 629 3331; x_wconf 75' lang='grc' dir='ltr'>τῶν</span> <span class='ocrx_word' id='word_1_191' title='bbox 659 3271 766 3347; x_wconf 81' lang='grc' dir='ltr'><em>τειχῶν</em></span> <span class='ocrx_word' id='word_1_192' title='bbox 797 3275 851 3340; x_wconf 77' lang='grc' dir='ltr'>τῆς</span> <span class='ocrx_word' id='word_1_193' title='bbox 874 3266 1061 3348; x_wconf 81' lang='grc' dir='ltr'><em>καθαιρέσεως</em></span> <span class='ocrx_word' id='word_1_194' title='bbox 1086 3266 1175 3340; x_wconf 74' lang='grc' dir='ltr'><em>οὐδεὶς</em></span> <span class='ocrx_word' id='word_1_195' title='bbox 1198 3263 1335 3346; x_wconf 82' lang='grc' dir='ltr'><em>ἐβούλετο</em></span> 
     </span>
     <span class='ocr_line' id='line_1_25' title="bbox 210 3380 1337 3467; baseline 0.002 -23"><span class='ocrx_word' id='word_1_196' title='bbox 210 3380 430 3459; x_wconf 79' lang='grc' dir='ltr'><em>συμβουλεύειν.</em></span> <span class='ocrx_word' id='word_1_197' title='bbox 462 3383 507 3447; x_wconf 90' lang='lat' dir='ltr'>At</span> <span class='ocrx_word' id='word_1_198' title='bbox 537 3385 645 3447; x_wconf 90' lang='lat' dir='ltr'>statim</span> <span class='ocrx_word' id='word_1_199' title='bbox 675 3385 825 3467; x_wconf 85' lang='lat' dir='ltr'>sequitur</span> <span class='ocrx_word' id='word_1_200' title='bbox 847 3383 1093 3448; x_wconf 86' lang='lat' dir='ltr'>Archestratum</span> <span class='ocrx_word' id='word_1_201' title='bbox 1113 3384 1148 3447; x_wconf 92' lang='lat' dir='ltr'>id</span> <span class='ocrx_word' id='word_1_202' title='bbox 1170 3385 1237 3448; x_wconf 89' lang='lat' dir='ltr'>iam</span> <span class='ocrx_word' id='word_1_203' title='bbox 1262 3403 1337 3446; x_wconf 89' lang='lat' dir='ltr'>sua-</span> 
     </span>
     <span class='ocr_line' id='line_1_26' title="bbox 212 3496 1336 3581; baseline -0.004 -19"><span class='ocrx_word' id='word_1_204' title='bbox 212 3498 300 3580; x_wconf 83' lang='lat' dir='ltr'>sisse,</span> <span class='ocrx_word' id='word_1_205' title='bbox 333 3496 472 3580; x_wconf 89' lang='lat' dir='ltr'>ideoque</span> <span class='ocrx_word' id='word_1_206' title='bbox 502 3496 542 3560; x_wconf 91' lang='lat' dir='ltr'>ab</span> <span class='ocrx_word' id='word_1_207' title='bbox 573 3498 653 3561; x_wconf 87' lang='lat' dir='ltr'>irato</span> <span class='ocrx_word' id='word_1_208' title='bbox 687 3497 805 3581; x_wconf 91' lang='lat' dir='ltr'>populo</span> <span class='ocrx_word' id='word_1_209' title='bbox 835 3498 869 3560; x_wconf 90' lang='lat' dir='ltr'>in</span> <span class='ocrx_word' id='word_1_210' title='bbox 897 3497 1027 3560; x_wconf 84' lang='lat' dir='ltr'>vincula</span> <span class='ocrx_word' id='word_1_211' title='bbox 1048 3516 1119 3562; x_wconf 86' lang='lat' dir='ltr'>esse</span> <span class='ocrx_word' id='word_1_212' title='bbox 1142 3499 1336 3561; x_wconf 88' lang='lat' dir='ltr'>coniectum.</span> 
     </span>
     <span class='ocr_line' id='line_1_27' title="bbox 210 3605 1336 3694; baseline -0.001 -21"><span class='ocrx_word' id='word_1_213' title='bbox 210 3608 260 3674; x_wconf 87' lang='lat' dir='ltr'>Ne</span> <span class='ocrx_word' id='word_1_214' title='bbox 293 3629 369 3694; x_wconf 85' lang='lat' dir='ltr'>ergo</span> <span class='ocrx_word' id='word_1_215' title='bbox 403 3608 586 3693; x_wconf 92' lang='lat' dir='ltr'>Xenophon</span> <span class='ocrx_word' id='word_1_216' title='bbox 620 3610 728 3693; x_wconf 92' lang='lat' dir='ltr'>inepte</span> <span class='ocrx_word' id='word_1_217' title='bbox 764 3609 826 3673; x_wconf 89' lang='lat' dir='ltr'>sibi</span> <span class='ocrx_word' id='word_1_218' title='bbox 862 3608 1065 3692; x_wconf 84' lang='lat' dir='ltr'>obloquatur,</span> <span class='ocrx_word' id='word_1_219' title='bbox 1096 3614 1168 3692; x_wconf 89' lang='lat' dir='ltr'>post</span> <span class='ocrx_word' id='word_1_220' title='bbox 1198 3605 1336 3686; x_wconf 81' lang='grc' dir='ltr'><em>ἐβούλετο</em></span> 
     </span>
     <span class='ocr_line' id='line_1_28' title="bbox 209 3718 1335 3806; baseline -0.001 -20"><span class='ocrx_word' id='word_1_221' title='bbox 209 3723 378 3788; x_wconf 90' lang='lat' dir='ltr'>inserenda</span> <span class='ocrx_word' id='word_1_222' title='bbox 410 3728 458 3787; x_wconf 90' lang='lat' dir='ltr'>est</span> <span class='ocrx_word' id='word_1_223' title='bbox 486 3723 644 3806; x_wconf 86' lang='lat' dir='ltr'>particula</span> <span class='ocrx_word' id='word_1_224' title='bbox 676 3718 729 3795; x_wconf 81' lang='grc' dir='ltr'><em>ἔτι,</em></span> <span class='ocrx_word' id='word_1_225' title='bbox 755 3741 838 3806; x_wconf 86' lang='lat' dir='ltr'>quae</span> <span class='ocrx_word' id='word_1_226' title='bbox 870 3741 999 3806; x_wconf 89' lang='lat' dir='ltr'>semper</span> <span class='ocrx_word' id='word_1_227' title='bbox 1022 3726 1054 3786; x_wconf 88' lang='lat' dir='ltr'>et</span> <span class='ocrx_word' id='word_1_228' title='bbox 1078 3720 1199 3805; x_wconf 92' lang='lat' dir='ltr'>ubique</span> <span class='ocrx_word' id='word_1_229' title='bbox 1223 3722 1335 3785; x_wconf 88' lang='lat' dir='ltr'>multis</span> 
     </span>
     <span class='ocr_line' id='line_1_29' title="bbox 211 3835 599 3900; baseline -0.003 0"><span class='ocrx_word' id='word_1_230' title='bbox 211 3836 339 3900; x_wconf 81' lang='lat' dir='ltr'>casibus</span> <span class='ocrx_word' id='word_1_231' title='bbox 364 3835 504 3900; x_wconf 82' lang='lat' dir='ltr'>obnoxia</span> <span class='ocrx_word' id='word_1_232' title='bbox 528 3836 599 3900; x_wconf 86' lang='lat' dir='ltr'>fnit.</span> 
     </span>
    </p>

    <p class='ocr_par' dir='ltr' id='par_1_6' title="bbox 210 3942 1417 4375">
     <span class='ocr_line' id='line_1_30' title="bbox 254 3942 1336 4027; baseline -0.006 -13"><span class='ocrx_word' id='word_1_233' title='bbox 254 3950 301 4014; x_wconf 94' lang='lat' dir='ltr'>Ib.</span> <span class='ocrx_word' id='word_1_234' title='bbox 333 3948 382 4014; x_wconf 88' lang='lat' dir='ltr'>De</span> <span class='ocrx_word' id='word_1_235' title='bbox 411 3950 466 4014; x_wconf 92' lang='lat' dir='ltr'>illo</span> <span class='ocrx_word' id='word_1_236' title='bbox 488 3949 694 4014; x_wconf 86' lang='lat' dir='ltr'>Archestratc</span> <span class='ocrx_word' id='word_1_237' title='bbox 718 3948 797 4012; x_wconf 89' lang='lat' dir='ltr'>haec</span> <span class='ocrx_word' id='word_1_238' title='bbox 820 3951 1009 4011; x_wconf 89' lang='lat' dir='ltr'>narrantur:</span> <span class='ocrx_word' id='word_1_239' title='bbox 1034 3942 1254 4027; x_wconf 80' lang='grc' dir='ltr'><em>Ἀρχέστρατος</em></span> <span class='ocrx_word' id='word_1_240' title='bbox 1278 3942 1336 4026; x_wconf 73' lang='grc' dir='ltr'><em>γαρ</em></span> 
     </span>
     <span class='ocr_line' id='line_1_31' title="bbox 210 4052 1336 4144; baseline -0.006 -17"><span class='ocrx_word' id='word_1_241' title='bbox 210 4065 296 4128; x_wconf 83' lang='grc' dir='ltr'><em>είπθιν</em></span> <span class='ocrx_word' id='word_1_242' title='bbox 326 4063 354 4126; x_wconf 92' lang='grc' dir='ltr'><em>ε’ν</em></span> <span class='ocrx_word' id='word_1_243' title='bbox 383 4071 420 4144; x_wconf 69' lang='grc' dir='ltr'>τῇ</span> <span class='ocrx_word' id='word_1_244' title='bbox 452 4061 545 4144; x_wconf 69' lang='grc' dir='ltr'><em>βουλῇ</em></span> <span class='ocrx_word' id='word_1_245' title='bbox 570 4059 814 4138; x_wconf 88' lang='grc' dir='ltr'><em>Λακεδαιμονίοις</em></span> <span class='ocrx_word' id='word_1_246' title='bbox 838 4057 990 4140; x_wconf 86' lang='grc' dir='ltr'><em>κρύπιστον</em></span> <span class='ocrx_word' id='word_1_247' title='bbox 1012 4052 1084 4123; x_wconf 84' lang='grc' dir='ltr'><em>είναι</em></span> <span class='ocrx_word' id='word_1_248' title='bbox 1109 4059 1159 4140; x_wconf 79' lang='grc' dir='ltr'>ἐφ’</span> <span class='ocrx_word' id='word_1_249' title='bbox 1186 4052 1225 4130; x_wconf 78' lang='grc' dir='ltr'>οἷς</span> <span class='ocrx_word' id='word_1_250' title='bbox 1249 4058 1336 4139; x_wconf 90' lang='grc' dir='ltr'><em>πρού-</em></span> 
     </span>
     <span class='ocr_line' id='line_1_32' title="bbox 211 4172 1336 4258; baseline -0.004 -17"><span class='ocrx_word' id='word_1_251' title='bbox 211 4179 353 4242; x_wconf 83' lang='grc' dir='ltr'><em>καλοῦντο</em></span> <span class='ocrx_word' id='word_1_252' title='bbox 376 4175 482 4258; x_wconf 78' lang='grc' dir='ltr'><em>είρύνκν</em></span> <span class='ocrx_word' id='word_1_253' title='bbox 505 4176 657 4248; x_wconf 78' lang='grc' dir='ltr'><em>ποιεῖσθαι,</em></span> <span class='ocrx_word' id='word_1_254' title='bbox 680 4172 771 4248; x_wconf 78' lang='grc' dir='ltr'><em>ε’δὲθκ.</em></span> <span class='ocrx_word' id='word_1_255' title='bbox 792 4173 893 4237; x_wconf 87' lang='lat' dir='ltr'>Haud</span> <span class='ocrx_word' id='word_1_256' title='bbox 914 4172 1046 4237; x_wconf 88' lang='lat' dir='ltr'>difficile</span> <span class='ocrx_word' id='word_1_257' title='bbox 1054 4177 1102 4236; x_wconf 84' lang='lat' dir='ltr'>est</span> <span class='ocrx_word' id='word_1_258' title='bbox 1115 4173 1336 4237; x_wconf 83' lang='lat' dir='ltr'>demonstrare</span> 
     </span>
     <span class='ocr_line' id='line_1_33' title="bbox 210 4285 1417 4375; baseline -0.007 -19"><span class='ocrx_word' id='word_1_259' title='bbox 210 4289 450 4370; x_wconf 85' lang='grc' dir='ltr'><em>Λακεδαιμονίοις</em></span> <span class='ocrx_word' id='word_1_260' title='bbox 473 4309 624 4375; x_wconf 86' lang='lat' dir='ltr'>perverso</span> <span class='ocrx_word' id='word_1_261' title='bbox 646 4289 716 4354; x_wconf 92' lang='lat' dir='ltr'>loco</span> <span class='ocrx_word' id='word_1_262' title='bbox 738 4290 883 4373; x_wconf 86' lang='lat' dir='ltr'>positum</span> <span class='ocrx_word' id='word_1_263' title='bbox 908 4306 987 4352; x_wconf 88' lang='lat' dir='ltr'>esse.</span> <span class='ocrx_word' id='word_1_264' title='bbox 1010 4287 1062 4352; x_wconf 90' lang='lat' dir='ltr'>Ita</span> <span class='ocrx_word' id='word_1_265' title='bbox 1084 4287 1172 4352; x_wconf 91' lang='lat' dir='ltr'>enim</span> <span class='ocrx_word' id='word_1_266' title='bbox 1197 4285 1335 4351; x_wconf 86' lang='lat' dir='ltr'>demum</span> <span class='ocrx_word' id='word_1_267' title='bbox 1416 4345 1417 4348; x_wconf 74' lang='grc'>,</span> 
     </span>
    </p>
   </div>
   <div class='ocr_carea' id='block_1_3' title="bbox 0 0 1688 5262">
    <p class='ocr_par' dir='ltr' id='par_1_7' title="bbox 0 0 1688 5262">
     <span class='ocr_line' id='line_1_34' title="bbox 0 0 1688 5262; baseline 0 0"><span class='ocrx_word' id='word_1_268' title='bbox 0 0 1688 5262; x_wconf 95' lang='lat' dir='ltr'> </span> 
     </span>
    </p>
   </div>
  </div>
 </body>
</html>
