3348 5262
744 609 808 669 289

455 788 508 854 καὶ
531 789 598 862 τοὺς
621 788 731 863 άλλσνς
753 789 869 863 οἰκείους
892 789 944 855 καὶ
968 791 1074 872 Φίλσνς

457 899 524 965 τάτε
547 900 669 980 άπσβάς
693 902 847 981 άναβαίνει
872 903 911 976 εἰς
934 905 988 977 τὴν
1011 902 1096 968 πάλιν

460 1015 528 1092 μετ’
551 1015 648 1079 αὐτῶν
671 1015 959 1097 παρεσκευασμένων.
978 1017 1038 1081 κτὲ.

257 1239 364 1304 Verba
387 1242 473 1304 enirn
496 1239 564 1303 τότε
585 1276 627 1288 -
650 1239 734 1303 πάλιν
754 1242 858 1306 iustae
876 1241 979 1307 lineae
999 1261 1184 1306 mensuram
1197 1243 1340 1326 implent.

258 1353 361 1437 Caput
382 1352 423 1436 V,
449 1354 498 1416 13.
521 1352 534 1416 ὃ
557 1352 589 1416 δὲ
611 1351 778 1432 Λύσανδρος
801 1352 835 1416 τὸ
857 1353 912 1429 μὲν
937 1357 1046 1433 πρῶτον
1070 1352 1176 1431 ὀλίγας
1195 1359 1252 1419 τῶν
1273 1358 1339 1418 νεῶν

214 1463 399 1538 καθελκύσας
423 1463 536 1530 ἐδίωκεν
559 1462 656 1538 αὐτόν,
680 1461 745 1528 ἐπεὶ
768 1464 800 1528 δὲ
821 1464 845 1528 οἱ
868 1465 1014 1538 Ἀθηναῖοι
1038 1468 1078 1546 τῷ
1099 1466 1246 1547 Ἀντιόχῳ
1270 1466 1339 1543 ε’βσ-

213 1577 295 1652 άάσυν
325 1576 436 1642 πλείοσι
461 1576 553 1650 νανσά,
577 1575 644 1641 τότε
667 1576 702 1650 δὴ
726 1575 777 1641 καὶ
801 1577 903 1650 πάσας
927 1575 1076 1653 συντάξας
1099 1578 1229 1643 ἐπέπλει.
1257 1579 1342 1656 Quid

214 1693 276 1758 sibi
310 1694 494 1758 coniunctio
527 1690 580 1755 καί
599 1693 691 1784 tonte
721 1689 834 1773 πάσας)
864 1693 941 1756 velit
970 1712 1035 1756 non
1060 1712 1193 1776 possum
1218 1693 1341 1758 dicere:

215 1807 292 1870 satis
323 1807 408 1870 enim
435 1825 585 1890 magnam
609 1805 764 1869 adieetivo
788 1804 891 1877 πάσας
913 1805 1043 1890 praebet
1062 1807 1229 1890 emphasin
1251 1825 1343 1891 prse-

216 1920 333 1984 cedens
366 1916 434 1982 τάτε
468 1918 513 1992 δή,
551 1938 656 2003 neque
691 1921 873 2003 quisquam,
903 1925 939 1984 nt
971 1922 1092 2004 opinor,
1126 1922 1154 1984 si
1177 1922 1229 1984 hio
1252 1922 1343 1986 locus

215 2031 328 2098 Latine
368 2033 552 2098 reddendus
595 2038 687 2116 esset,
721 2032 925 2114 Lysandrum
972 2034 1043 2115 ,vel
1077 2033 1210 2099 omnes''
1244 2054 1343 2100 naves

215 2147 410 2212 instruxisse
432 2147 557 2212 diceret.
577 2146 670 2210 Hanc
690 2151 798 2210 antem
819 2147 969 2212 vocabuli
988 2147 1041 2211 καί
1058 2150 1124 2212 vim
1145 2167 1216 2212 esse
1229 2150 1257 2212 si
1269 2151 1343 2232 quis

216 2259 296 2322 mihi
318 2279 383 2323 non
406 2259 514 2336 credit,
528 2258 649 2347 Latine
672 2263 775 2324 vertat
797 2277 822 2323 e.
845 2280 891 2343 gr.
915 2257 965 2322 ast
988 2256 1091 2331 πάσας
1115 2257 1205 2337 λαβέ.
1229 2259 1344 2344 Neque

216 2377 323 2437 tamen
350 2372 434 2436 Mori
457 2375 675 2437 coniecturam
699 2370 751 2436 καὶ
776 2372 865 2444 αὐτὸς
888 2370 989 2444 πάσας
1012 2373 1121 2457 probo,
1145 2375 1221 2457 quia
1243 2375 1345 2440 Athe-

216 2488 346 2551 nienses
384 2486 537 2550 dicuntur
571 2485 682 2550 πλείοσι
712 2485 799 2550 ναυσί
827 2506 893 2550 non
924 2484 1037 2558 πάσαις
1060 2487 1182 2550 auxilio
1207 2489 1344 2552 venisse.

218 2598 289 2675 Quo
321 2601 422 2684 magis
453 2601 541 2663 huno
567 2600 674 2664 locum
706 2601 834 2683 aspicie,
858 2619 895 2664 eo
927 2601 1028 2684 magis
1052 2601 1131 2663 mihi
1155 2602 1349 2684 persuadeo,

216 2717 290 2777 ante
313 2709 362 2776 asi
385 2709 488 2783 πάσας
512 2712 670 2777 excidisse
692 2712 857 2796 quaedam.
879 2712 985 2796 Aegre
1004 2715 1091 2776 enim
1112 2715 1146 2776 in
1160 2716 1343 2779 narratione

216 2826 283 2890 fero
314 2827 450 2891 huiusce
480 2828 656 2892 sententiae
686 2826 864 2890 defectum:
895 2825 1063 2907 Lysander
1086 2829 1198 2910 (quum
1224 2829 1344 2892 maiore

217 2940 350 3003 navium
384 2959 519 3004 numero
554 2941 767 3004 Athenienses
799 2941 957 3005 Antiocho
989 2960 1179 3006 succurrere
1209 2941 1344 3023 videret)

218 3053 254 3116 ιἰι
281 3053 494 3133 persecutione
515 3053 662 3136 substitit,
684 3073 789 3131 novas
812 3074 894 3135 quos
916 3053 1095 3135 reliquerat,
1120 3053 1164 3118 od
1185 3075 1220 3118 sc
1242 3075 1346 3119 orces·

217 3165 296 3243 sivit
327 3185 424 3250 quam
455 3169 484 3230 si
514 3166 684 3251 cogitando
707 3166 916 3250 suppleveris
939 3167 1065 3250 egregie
1087 3169 1181 3250 sequi
1207 3169 1342 3232 senties:

218 3278 267 3343 sai
291 3276 392 3352 πάσας
416 3276 565 3354 συντάξας
588 3278 719 3343 ἐπέπλει.

266 3392 369 3477 Caput
400 3392 457 3476 VI,
492 3395 520 3456 2.
564 3393 759 3459 Gloriantem
804 3393 1038 3494 Oatlicratidam
1075 3414 1110 3459 se
1144 3396 1241 3458 maris
1277 3414 1347 3460 esse

221 3508 387 3573 dominum
421 3507 587 3590 Lysander
617 3506 765 3571 ε’κὲλενσεν
799 3504 833 3582 ἐξ
862 3505 993 3588 Ἐφέσου
1022 3508 1051 3571 ε’ν
1081 3508 1216 3590 άριστερρῖ
1241 3505 1348 3586 Σάμον

219 3618 478 3702 παραπλεύσαντα
500 3623 530 3685 ἐν
555 3620 678 3702 Μιλήτῳ
701 3620 881 3702 παραδοῦναι
904 3619 960 3693 τάς
985 3625 1064 3700 ναῦς.
1087 3621 1151 3684 Pro
1173 3619 1347 3700 παραπλεύ-

221 3756 318 3797 σαντα
347 3735 485 3800 Oobetus
516 3734 720 3799 scribendum
754 3753 824 3799 esse
856 3738 964 3798 oenset
986 3730 1233 3812 περιπλεύσαντα.
1256 3732 1344 3797 Num

221 3853 307 3913 recte
336 3848 464 3930 dubit03
496 3869 570 3913 nam
601 3848 630 3911 ἐν
660 3844 924 3928 epitrepontem
947 3866 1013 3910 non
1036 3852 1084 3910 est
1108 3846 1194 3931 quod
1218 3846 1346 3909 Plutar-

222 3961 302 4026 chus
338 3961 421 4044 (Lys
450 3962 509 4042 VI)
541 3963 633 4027 dicit:
666 3960 770 4038 λαβὼν
797 3962 825 4024 ἐν
849 3960 983 4041 άριστερρῖ
1007 3956 1120 4037 Σάμον,
1145 3959 1201 4023 sed
1225 3963 1348 4022 contra-

220 4074 313 4138 rium.
347 4073 471 4140 Deinde
504 4076 616 4140 classis
645 4075 894 4139 Atheniensium
925 4093 991 4138 non
1027 4075 1062 4137 in
1086 4091 1123 4136 ea
1145 4076 1235 4155 parte
1258 4071 1346 4136 Sami

221 4192 289 4251 erat
316 4189 428 4272 posita,
450 4189 538 4254 unde
569 4208 656 4252 mare
679 4192 826 4272 apertum
850 4187 1025 4271 spectabat,
1049 4186 1106 4250 sed
1128 4187 1344 4249 continentem

222 4319 344 4366 versus.
370 4301 404 4366 Si
431 4304 517 4367 enim
539 4303 700 4386 tegeretur
721 4299 969 4382 περιπλεύσαντα
994 4301 1143 4384 quisque,
1167 4304 1203 4362 ut
1226 4300 1348 4383 opinor,

1218 4407 1252 4461 ts
