3348 5262
761 593 825 656 287

220 793 296 859 ergo
321 793 380 859 pro
404 773 585 840 δυνασθεῖσιν
608 777 745 842 coniecit
769 775 973 850 δυνασίίνπας.
998 777 1227 848 Recentiorum
1251 783 1351 848 edito·

221 908 294 954 rum
324 889 469 972 plerique
499 889 587 953 illam
611 892 828 954 coniecturam
852 892 979 956 silentio
1001 898 1215 978 praetereunt,
1236 895 1349 962 falsam

221 1021 290 1066 eam
322 1021 393 1066 esse
425 1003 640 1068 demonstrare
672 1007 809 1069 conatus
833 1011 881 1068 est
905 1003 1128 1071 Schneiderus.
1152 1007 1267 1092 Neque
1291 1029 1349 1094 ego

220 1117 276 1180 illa
297 1119 460 1200 persanari
484 1119 676 1182 sententiam
703 1119 869 1201 contendo,
889 1120 946 1184 sed
966 1119 1026 1184 hoc
1045 1126 1130 1186 recte
1151 1123 1350 1188 intellexisse

218 1227 432 1294 Leonclavius
471 1231 610 1312 videtur,
644 1251 663 1294 a
696 1231 802 1296 verbis
833 1229 948 1311 ὕστερον
972 1230 1003 1296 δέ
1028 1237 1204 1299 sententiae
1227 1243 1350 1319 partem

218 1344 369 1426 incipere,
406 1363 489 1427 quae
524 1365 542 1408 a
576 1343 674 1408 verbo
707 1343 851 1424 ὑπιίρχειν
882 1345 1021 1429 pendere
1051 1349 1114 1412 iam
1145 1367 1211 1412 non
1240 1351 1349 1432 possit.

219 1456 365 1521 Primum
397 1458 483 1521 enim
514 1463 724 1541 opponuntur
755 1460 841 1522 inter
865 1478 900 1522 se
922 1459 1108 1524 Alcibiades
1132 1463 1268 1545 eiusque
1289 1464 1350 1525 ini-

221 1572 304 1653 mici,
327 1576 423 1654 atque
445 1571 493 1634 illi
514 1571 707 1636 democratia
724 1571 893 1655 profuisse,
913 1573 963 1638 his
976 1593 1051 1638 vero
1064 1574 1145 1638 nihil
1157 1577 1222 1639 nisi
1234 1575 1350 1640 damna

220 1683 366 1748 attulisse
400 1685 524 1749 dicitur.
559 1683 696 1768 Egregie
734 1704 807 1748 cum
840 1686 945 1768 priore
975 1686 1031 1750 illa
1063 1689 1239 1752 sententiae
1261 1694 1350 1772 parte

220 1795 357 1860 conferri
380 1802 484 1880 potest
506 1797 607 1879 locus,
629 1818 693 1881 quo
714 1797 952 1864 Demosthenes
973 1819 1065 1863 suam
1085 1798 1146 1879 περί
1164 1800 1350 1880 τριηραρχίας

220 1911 323 1994 legem
347 1931 422 1976 cum
444 1913 543 1995 priori
566 1911 636 1996 lege
660 1917 830 1995 comparat.
850 1911 1002 1996 Legitur:
1023 1932 1079 1996 pro
1100 1911 1222 1978 Corona
1242 1934 1270 1997 p.
1285 1915 1348 1978 260

220 2029 317 2089 exta:
343 2017 377 2096 ἦν
399 2021 457 2102 χίιρ
480 2023 583 2094 αὐτοῖς
611 2024 673 2108 (sc.
695 2029 756 2094 τοῖς
779 2027 836 2087 τῶν
859 2028 1025 2104 συμμοριῶν
1049 2021 1210 2110 ἡγεμόσιν)
1237 2025 1270 2089 ἐκ
1293 2026 1348 2103 μὲν

219 2141 275 2200 τῶν
306 2135 445 2216 προτέρων
475 2135 568 2213 νίμιιν
597 2136 808 2202 συνεκκαίδεκα
843 2145 1027 2218 λειτουργεῖν,
1056 2139 1156 2209 αὐτοῖς
1180 2138 1236 2214 μὲν
1259 2141 1350 2218 μικροὶ

219 2248 271 2314 καί
296 2248 376 2314 οὐδὲν
400 2249 605 2314 ἀναλίσκουσιν
627 2249 694 2322 ποὺς
719 2249 745 2313 δ’
769 2247 895 2330 οίπίρους
917 2253 975 2313 τῶν
997 2254 1122 2314 πολιτῶν
1144 2249 1347 2331 ἐπιτρίβουσιν,

219 2364 252 2428 ε’κ
285 2363 317 2427 δὲ
350 2367 402 2428 τοῦ
433 2364 506 2439 ἐμοῦ
535 2362 623 2440 νόμου
654 2363 687 2426 τὸ
718 2361 890 2440 γιγνόμενον
921 2362 1003 2427 καπίι
1025 2362 1079 2436 τὴν
1102 2363 1201 2428 οὐσίαν
1224 2361 1347 2428 ἕκαστον

218 2475 332 2540 τιθέναι.
357 2477 518 2542 Absoluta
541 2482 648 2542 tamen
671 2477 727 2540 illa
748 2479 925 2543 sententiae
944 2483 1041 2560 parte,
1062 2476 1239 2542 Alcibiadis
1252 2478 1348 2542 amici

220 2590 438 2656 demonstrare
471 2596 618 2675 pergunt,
651 2610 717 2654 non
752 2587 776 2669 ί,
807 2613 836 2653 τι
867 2591 900 2654 ἐκ
930 2593 981 2654 τοῦ
1003 2588 1098 2666 δήμου
1122 2589 1252 2670 ὑπῆρχεν
1277 2592 1347 2656 eius

219 2704 410 2768 adversariis
445 2705 489 2786 (id
519 2705 604 2768 enim
633 2705 668 2768 in
699 2703 965 2788 praecedentibus
997 2703 1163 2786 fecerunt),
1187 2705 1244 2768 sed
1268 2705 1346 2787 quid

216 2817 273 2899 illi,
305 2837 407 2901 quum
436 2835 545 2882 rerum
567 2818 659 2900 potiti
683 2822 803 2900 essent,
828 2818 848 2879 i.
861 2836 887 2881 e.
909 2816 1010 2881 fracto
1032 2816 1180 2900 populari
1201 2817 1345 2900 imperio,

218 2931 452 2994 commiserint:
476 2931 683 3014 perspicuum
706 2949 781 3013 ergo
802 2934 860 3012 est,
879 2929 961 2994 illud
984 2949 1114 3012 „quum
1133 2930 1347 3012 rerumpotiti

219 3042 356 3126 essent',
385 3063 451 3108 non
484 3043 590 3107 dativo
618 3063 696 3106 casu
717 3044 879 3107 enuntiari
902 3061 1005 3126 posse,
1029 3043 1143 3106 sedin
1165 3043 1347 3106 narratione

218 3157 258 3222 de
280 3158 536 3222 adversariorum
557 3158 687 3221 illorum
705 3158 835 3221 iniuriis
856 3157 1078 3221 accusativum
1098 3175 1173 3220 cum
1184 3154 1345 3220 infinitivo

217 3273 347 3355 requiri.
368 3271 482 3355 Itaque
506 3272 584 3355 quin
608 3275 693 3336 recte
715 3269 928 3336 Leonclavius
952 3271 1128 3336 correxerit
1150 3267 1345 3341 δυνασίέντοιι

218 3384 367 3468 equidem
391 3404 457 3448 non
480 3384 600 3448 dubito.
622 3383 684 3448 Sed
703 3384 788 3450 idem
810 3386 922 3467 sentio,
935 3403 972 3448 ea
984 3383 1207 3448 emendatione
1218 3388 1345 3466 recepta

218 3502 326 3562 tamen
355 3497 441 3561 haud
471 3497 575 3562 levem
610 3496 831 3562 difficultatem
862 3517 1036 3562 remanere.
1060 3495 1226 3561 Vocabula
1257 3498 1345 3560 enim

218 3607 331 3691 ὕστερον
354 3609 579 3694 δι’-ἀθοίαευυί,
603 3611 679 3674 olim
702 3612 763 3675 hoc
786 3611 857 3675 loco
881 3612 1038 3695 scriptum
1060 3610 1170 3692 fuisse,
1196 3609 1274 3692 quid
1296 3609 1346 3672 illi

218 3724 365 3788 homines
385 3723 532 3805 primum,
555 3724 634 3808 quid
658 3723 769 3788 οίοίοιιίκ
790 3723 932 3789 fecerint.
952 3723 1050 3788 Nunc
1069 3721 1265 3786 vocabulum
1278 3719 1345 3801 πρί-

217 3859 294 3916 τεριν
324 3836 479 3902 traditum
512 3837 644 3920 quidem
670 3841 727 3920 est,
750 3838 806 3902 sed
827 3839 872 3901 ita
895 3836 1162 3921 praecedentibus
1186 3836 1345 3919 adhaeret,

218 3955 254 4014 ut
278 3951 341 4014 dici
363 3969 569 4033 nequaquam
591 3951 695 4034 possit
718 3950 875 4015 etiamad
898 3946 1011 4028 ὕστερον
1037 3946 1069 4011 δέ
1092 3950 1259 4032 pertinere.
1282 3948 1344 4013 Sed

218 4064 275 4126 vix
298 4063 426 4128 credere
445 4083 587 4147 possum,
606 4063 689 4127 illud
708 4060 837 4142 πρότερον
857 4067 942 4126 reete
954 4079 999 4125 eo
1018 4061 1089 4125 loco
1109 4063 1251 4145 positum
1264 4079 1344 4144 esse,

219 4197 314 4263 quem
347 4198 436 4243 nunc
466 4182 608 4261 occupat.
631 4176 702 4240 Hoc
725 4178 810 4241 enim
836 4176 1089 4241 demonstratur:
1114 4194 1180 4238 non
1202 4174 1345 4239 Alcibia-

218 4293 273 4358 des
306 4311 418 4356 verum
441 4292 565 4354 inimici
588 4291 659 4354 eius
683 4295 801 4354 statum
825 4289 1013 4374 popularem
1037 4286 1232 4374 reipubhcae
1255 4306 1345 4356 evor-
