<?xml version="1.0" encoding="UTF-8"?>
<!DOCTYPE html PUBLIC "-//W3C//DTD XHTML 1.0 Transitional//EN"
    "http://www.w3.org/TR/xhtml1/DTD/xhtml1-transitional.dtd">
<html xmlns="http://www.w3.org/1999/xhtml" xml:lang="en" lang="en">
 <head>
  <title>
</title>
<meta http-equiv="Content-Type" content="text/html;charset=utf-8" />
  <meta name='ocr-system' content='tesseract 3.04.00' />
  <meta name='ocr-capabilities' content='ocr_page ocr_carea ocr_par ocr_line ocrx_word'/>
</head>
<body>
  <div class='ocr_page' id='page_1' title='image "./analectaxenopho00hartgoog_0064.png"; bbox 0 0 3354 5268; ppageno 0'>
   <div class='ocr_carea' id='block_1_1' title="bbox 738 625 781 694">
    <p class='ocr_par' dir='ltr' id='par_1_1' title="bbox 738 625 781 694">
     <span class='ocr_line' id='line_1_1' title="bbox 738 625 781 694; baseline 0.023 -1"><span class='ocrx_word' id='word_1_1' title='bbox 738 625 781 694; x_wconf 82' lang='lat'>49</span> 
     </span>
    </p>
   </div>
   <div class='ocr_carea' id='block_1_2' title="bbox 193 817 1346 4305">
    <p class='ocr_par' dir='ltr' id='par_1_2' title="bbox 198 817 1318 1449">
     <span class='ocr_line' id='line_1_2' title="bbox 244 817 1318 904; baseline 0.004 -24"><span class='ocrx_word' id='word_1_2' title='bbox 244 818 316 881; x_wconf 89' lang='lat' dir='ltr'>VH.</span> <span class='ocrx_word' id='word_1_3' title='bbox 351 817 470 882; x_wconf 80' lang='lat' dir='ltr'>Milites</span> <span class='ocrx_word' id='word_1_4' title='bbox 505 818 713 882; x_wconf 82' lang='lat' dir='ltr'><strong>admonuerat</strong></span> <span class='ocrx_word' id='word_1_5' title='bbox 745 817 927 902; x_wconf 85' lang='lat' dir='ltr'>Xenophon</span> <span class='ocrx_word' id='word_1_6' title='bbox 961 821 1100 902; x_wconf 89' lang='lat' dir='ltr'>virtutis,</span> <span class='ocrx_word' id='word_1_7' title='bbox 1136 840 1201 903; x_wconf 91' lang='lat' dir='ltr'>qua</span> <span class='ocrx_word' id='word_1_8' title='bbox 1231 821 1318 904; x_wconf 90' lang='lat' dir='ltr'>apud</span> 
     </span>
     <span class='ocr_line' id='line_1_3' title="bbox 200 932 1317 1017; baseline 0.001 -21"><span class='ocrx_word' id='word_1_9' title='bbox 200 932 365 1014; x_wconf 83' lang='lat' dir='ltr'>Cynaxam</span> <span class='ocrx_word' id='word_1_10' title='bbox 390 934 627 1015; x_wconf 82' lang='lat' dir='ltr'>pugnavissent,</span> <span class='ocrx_word' id='word_1_11' title='bbox 646 937 678 996; x_wconf 89' lang='lat' dir='ltr'>et</span> <span class='ocrx_word' id='word_1_12' title='bbox 696 935 731 995; x_wconf 93' lang='lat' dir='ltr'>in</span> <span class='ocrx_word' id='word_1_13' title='bbox 750 935 908 1015; x_wconf 81' lang='lat' dir='ltr'>praesenti</span> <span class='ocrx_word' id='word_1_14' title='bbox 929 934 1068 1017; x_wconf 83' lang='lat' dir='ltr'>periculo</span> <span class='ocrx_word' id='word_1_15' title='bbox 1090 935 1208 1013; x_wconf 88' lang='lat' dir='ltr'>maiore</span> <span class='ocrx_word' id='word_1_16' title='bbox 1221 935 1317 998; x_wconf 90' lang='lat' dir='ltr'>etiam</span> 
     </span>
     <span class='ocr_line' id='line_1_4' title="bbox 199 1044 1316 1128; baseline 0.001 -21"><span class='ocrx_word' id='word_1_17' title='bbox 199 1047 318 1108; x_wconf 87' lang='lat' dir='ltr'>virtute</span> <span class='ocrx_word' id='word_1_18' title='bbox 345 1065 425 1128; x_wconf 92' lang='lat' dir='ltr'>opus</span> <span class='ocrx_word' id='word_1_19' title='bbox 450 1064 519 1109; x_wconf 89' lang='lat' dir='ltr'>esse</span> <span class='ocrx_word' id='word_1_20' title='bbox 542 1044 762 1109; x_wconf 87' lang='lat' dir='ltr'>contenderat:</span> <span class='ocrx_word' id='word_1_21' title='bbox 787 1045 862 1109; x_wconf 87' lang='lat' dir='ltr'>huic</span> <span class='ocrx_word' id='word_1_22' title='bbox 886 1046 1095 1110; x_wconf 76' lang='lat' dir='ltr'>admonitioni</span> <span class='ocrx_word' id='word_1_23' title='bbox 1118 1048 1162 1110; x_wconf 93' lang='lat' dir='ltr'>ita</span> <span class='ocrx_word' id='word_1_24' title='bbox 1186 1047 1316 1110; x_wconf 90' lang='lat' dir='ltr'>alteram</span> 
     </span>
     <span class='ocr_line' id='line_1_5' title="bbox 199 1157 1318 1242; baseline 0.002 -20"><span class='ocrx_word' id='word_1_25' title='bbox 199 1163 321 1242; x_wconf 89' lang='lat' dir='ltr'>partem</span> <span class='ocrx_word' id='word_1_26' title='bbox 346 1160 497 1221; x_wconf 87' lang='lat' dir='ltr'>orationis</span> <span class='ocrx_word' id='word_1_27' title='bbox 520 1159 606 1222; x_wconf 81' lang='lat' dir='ltr'>addit</span> <span class='ocrx_word' id='word_1_28' title='bbox 629 1158 699 1241; x_wconf 79' lang='lat'>(111,</span> <span class='ocrx_word' id='word_1_29' title='bbox 722 1160 751 1240; x_wconf 83' lang='lat'>2,</span> <span class='ocrx_word' id='word_1_30' title='bbox 777 1160 844 1239; x_wconf 85' lang='grc'><strong>16);</strong></span> <span class='ocrx_word' id='word_1_31' title='bbox 866 1157 950 1222; x_wconf 68' lang='grc' dir='ltr'>ἀλλὰ</span> <span class='ocrx_word' id='word_1_32' title='bbox 968 1158 1318 1235; x_wconf 70' lang='grc' dir='ltr'>μὴνΙίοθῒνοδίεηαηο</span> 
     </span>
     <span class='ocr_line' id='line_1_6' title="bbox 198 1272 1318 1357; baseline 0.003 -22"><span class='ocrx_word' id='word_1_33' title='bbox 198 1273 272 1357; x_wconf 89' lang='lat' dir='ltr'>plus</span> <span class='ocrx_word' id='word_1_34' title='bbox 306 1272 408 1336; x_wconf 92' lang='lat' dir='ltr'>bonae</span> <span class='ocrx_word' id='word_1_35' title='bbox 442 1273 510 1356; x_wconf 89' lang='lat' dir='ltr'>spei</span> <span class='ocrx_word' id='word_1_36' title='bbox 544 1272 668 1354; x_wconf 77' lang='lat' dir='ltr'>habere,</span> <span class='ocrx_word' id='word_1_37' title='bbox 700 1274 865 1356; x_wconf 84' lang='lat' dir='ltr'>magisque</span> <span class='ocrx_word' id='word_1_38' title='bbox 897 1294 992 1356; x_wconf 88' lang='lat' dir='ltr'>quam</span> <span class='ocrx_word' id='word_1_39' title='bbox 1023 1279 1102 1337; x_wconf 88' lang='lat' dir='ltr'>tuno</span> <span class='ocrx_word' id='word_1_40' title='bbox 1132 1273 1216 1337; x_wconf 94' lang='lat' dir='ltr'>bono</span> <span class='ocrx_word' id='word_1_41' title='bbox 1248 1293 1318 1338; x_wconf 88' lang='lat' dir='ltr'>esse</span> 
     </span>
     <span class='ocr_line' id='line_1_7' title="bbox 199 1364 1057 1449; baseline -0.003 0"><span class='ocrx_word' id='word_1_42' title='bbox 199 1389 314 1449; x_wconf 93' lang='lat' dir='ltr'>animo.</span> <span class='ocrx_word' id='word_1_43' title='bbox 1054 1364 1057 1370; x_wconf 37' lang='lat'><strong><em>¹</em></strong></span> 
     </span>
    </p>

    <p class='ocr_par' dir='ltr' id='par_1_3' title="bbox 198 1497 1317 2036">
     <span class='ocr_line' id='line_1_8' title="bbox 245 1497 1317 1583; baseline 0.003 -22"><span class='ocrx_word' id='word_1_44' title='bbox 245 1499 331 1562; x_wconf 88' lang='lat' dir='ltr'>Vlll.</span> <span class='ocrx_word' id='word_1_45' title='bbox 367 1497 507 1562; x_wconf 78' lang='lat' dir='ltr'>Conatus</span> <span class='ocrx_word' id='word_1_46' title='bbox 542 1502 608 1562; x_wconf 88' lang='lat' dir='ltr'>erat</span> <span class='ocrx_word' id='word_1_47' title='bbox 642 1497 776 1562; x_wconf 83' lang='lat' dir='ltr'>Seuthes</span> <span class='ocrx_word' id='word_1_48' title='bbox 812 1497 1020 1582; x_wconf 87' lang='lat' dir='ltr'>Xenophonti</span> <span class='ocrx_word' id='word_1_49' title='bbox 1049 1499 1248 1583; x_wconf 84' lang='lat' dir='ltr'>persuadere,</span> <span class='ocrx_word' id='word_1_50' title='bbox 1279 1505 1317 1564; x_wconf 92' lang='lat' dir='ltr'>ut</span> 
     </span>
     <span class='ocr_line' id='line_1_9' title="bbox 200 1612 1316 1697; baseline 0 -20"><span class='ocrx_word' id='word_1_51' title='bbox 200 1632 310 1677; x_wconf 88' lang='lat' dir='ltr'>seeum</span> <span class='ocrx_word' id='word_1_52' title='bbox 345 1618 494 1694; x_wconf 79' lang='lat' dir='ltr'>maneret,</span> <span class='ocrx_word' id='word_1_53' title='bbox 528 1631 663 1696; x_wconf 88' lang='lat' dir='ltr'>eamque</span> <span class='ocrx_word' id='word_1_54' title='bbox 696 1631 763 1676; x_wconf 91' lang='lat' dir='ltr'>rem</span> <span class='ocrx_word' id='word_1_55' title='bbox 795 1613 824 1677; x_wconf 95' lang='lat' dir='ltr'>ei</span> <span class='ocrx_word' id='word_1_56' title='bbox 855 1612 945 1676; x_wconf 87' lang='lat' dir='ltr'>lnorn</span> <span class='ocrx_word' id='word_1_57' title='bbox 976 1612 1042 1677; x_wconf 87' lang='lat' dir='ltr'>fore</span> <span class='ocrx_word' id='word_1_58' title='bbox 1074 1612 1316 1697; x_wconf 84' lang='lat' dir='ltr'>significaverat.</span> 
     </span>
     <span class='ocr_line' id='line_1_10' title="bbox 198 1701 1316 1810; baseline 0 -21"><span class='ocrx_word' id='word_1_59' title='bbox 198 1724 416 1808; x_wconf 85' lang='lat' dir='ltr'>Responderat</span> <span class='ocrx_word' id='word_1_60' title='bbox 445 1724 626 1808; x_wconf 88' lang='lat' dir='ltr'>Xenophon</span> <span class='ocrx_word' id='word_1_61' title='bbox 660 1701 755 1805; x_wconf 82' lang='lat' dir='ltr'>„fieri</span> <span class='ocrx_word' id='word_1_62' title='bbox 784 1725 843 1788; x_wconf 92' lang='lat' dir='ltr'>hoo</span> <span class='ocrx_word' id='word_1_63' title='bbox 873 1725 963 1788; x_wconf 91' lang='lat' dir='ltr'>nullo</span> <span class='ocrx_word' id='word_1_64' title='bbox 987 1725 1081 1789; x_wconf 92' lang='lat' dir='ltr'>modo</span> <span class='ocrx_word' id='word_1_65' title='bbox 1104 1730 1218 1810; x_wconf 81' lang='lat' dir='ltr'>potest,</span> <span class='ocrx_word' id='word_1_66' title='bbox 1242 1745 1316 1810; x_wconf 84' lang='lat' dir='ltr'>ergo</span> 
     </span>
     <span class='ocr_line' id='line_1_11' title="bbox 199 1835 1316 1920; baseline 0 -18"><span class='ocrx_word' id='word_1_67' title='bbox 199 1841 288 1902; x_wconf 90' lang='lat' dir='ltr'>mitte</span> <span class='ocrx_word' id='word_1_68' title='bbox 313 1837 401 1919; x_wconf 86' lang='lat' dir='ltr'>me&#39;’;</span> <span class='ocrx_word' id='word_1_69' title='bbox 425 1843 493 1901; x_wconf 89' lang='lat' dir='ltr'>tum</span> <span class='ocrx_word' id='word_1_70' title='bbox 515 1837 650 1902; x_wconf 84' lang='lat' dir='ltr'>Seuthes</span> <span class='ocrx_word' id='word_1_71' title='bbox 674 1837 757 1920; x_wconf 87' lang='lat' dir='ltr'>(Vll,</span> <span class='ocrx_word' id='word_1_72' title='bbox 782 1839 809 1920; x_wconf 79' lang='lat'>7,</span> <span class='ocrx_word' id='word_1_73' title='bbox 834 1839 903 1918; x_wconf 71' lang='lat' dir='ltr'>dli:</span> <span class='ocrx_word' id='word_1_74' title='bbox 930 1835 1007 1918; x_wconf 76' lang='lat' dir='ltr'>„aad</span> <span class='ocrx_word' id='word_1_75' title='bbox 1027 1836 1087 1913; x_wconf 72' lang='grc' dir='ltr'>μήν</span> <span class='ocrx_word' id='word_1_76' title='bbox 1100 1837 1200 1902; x_wconf 90' lang='lat' dir='ltr'>multo</span> <span class='ocrx_word' id='word_1_77' title='bbox 1212 1841 1316 1902; x_wconf 88' lang='lat' dir='ltr'>tutius</span> 
     </span>
     <span class='ocr_line' id='line_1_12' title="bbox 198 1949 620 2036; baseline 0 -20"><span class='ocrx_word' id='word_1_78' title='bbox 198 1952 342 2017; x_wconf 90' lang='lat' dir='ltr'>manebis</span> <span class='ocrx_word' id='word_1_79' title='bbox 367 1972 463 2036; x_wconf 90' lang='lat' dir='ltr'>quam</span> <span class='ocrx_word' id='word_1_80' title='bbox 488 1949 620 2016; x_wconf 87' lang='lat' dir='ltr'>abibis.’&#39;</span> 
     </span>
    </p>

    <p class='ocr_par' dir='ltr' id='par_1_4' title="bbox 197 2064 1317 2700">
     <span class='ocr_line' id='line_1_13' title="bbox 242 2064 1316 2149; baseline -0.003 -19"><span class='ocrx_word' id='word_1_81' title='bbox 242 2065 305 2130; x_wconf 94' lang='lat' dir='ltr'>Sed</span> <span class='ocrx_word' id='word_1_82' title='bbox 328 2065 427 2130; x_wconf 90' lang='lat' dir='ltr'>multo</span> <span class='ocrx_word' id='word_1_83' title='bbox 451 2067 552 2129; x_wconf 90' lang='lat' dir='ltr'>maior</span> <span class='ocrx_word' id='word_1_84' title='bbox 575 2071 623 2130; x_wconf 89' lang='lat' dir='ltr'>est</span> <span class='ocrx_word' id='word_1_85' title='bbox 645 2067 736 2148; x_wconf 91' lang='lat' dir='ltr'>oopia</span> <span class='ocrx_word' id='word_1_86' title='bbox 758 2066 978 2149; x_wconf 84' lang='lat' dir='ltr'>exemplorum</span> <span class='ocrx_word' id='word_1_87' title='bbox 1002 2066 1168 2147; x_wconf 83' lang='lat' dir='ltr'>eiusmodi,</span> <span class='ocrx_word' id='word_1_88' title='bbox 1192 2069 1228 2129; x_wconf 88' lang='lat' dir='ltr'>ut</span> <span class='ocrx_word' id='word_1_89' title='bbox 1247 2064 1316 2128; x_wconf 92' lang='lat' dir='ltr'>lon-</span> 
     </span>
     <span class='ocr_line' id='line_1_14' title="bbox 197 2178 1317 2264; baseline -0.002 -22"><span class='ocrx_word' id='word_1_90' title='bbox 197 2181 267 2264; x_wconf 87' lang='lat' dir='ltr'>gior</span> <span class='ocrx_word' id='word_1_91' title='bbox 296 2179 351 2242; x_wconf 89' lang='lat' dir='ltr'>fiat</span> <span class='ocrx_word' id='word_1_92' title='bbox 374 2180 581 2261; x_wconf 84' lang='lat' dir='ltr'>enumeratio,</span> <span class='ocrx_word' id='word_1_93' title='bbox 602 2180 637 2240; x_wconf 94' lang='lat' dir='ltr'>in</span> <span class='ocrx_word' id='word_1_94' title='bbox 662 2198 726 2261; x_wconf 91' lang='lat' dir='ltr'>qua</span> <span class='ocrx_word' id='word_1_95' title='bbox 746 2198 867 2242; x_wconf 85' lang='lat' dir='ltr'>novum</span> <span class='ocrx_word' id='word_1_96' title='bbox 890 2178 1020 2262; x_wconf 75' lang='lat' dir='ltr'>aliquod</span> <span class='ocrx_word' id='word_1_97' title='bbox 1044 2178 1221 2242; x_wconf 90' lang='lat' dir='ltr'>membrum</span> <span class='ocrx_word' id='word_1_98' title='bbox 1246 2198 1317 2261; x_wconf 91' lang='lat' dir='ltr'>par-</span> 
     </span>
     <span class='ocr_line' id='line_1_15' title="bbox 198 2291 1314 2375; baseline -0.001 -20"><span class='ocrx_word' id='word_1_99' title='bbox 198 2292 295 2356; x_wconf 84' lang='lat' dir='ltr'>ticula</span> <span class='ocrx_word' id='word_1_100' title='bbox 318 2293 377 2368; x_wconf 76' lang='grc' dir='ltr'>μήν</span> <span class='ocrx_word' id='word_1_101' title='bbox 400 2298 564 2375; x_wconf 89' lang='lat' dir='ltr'>tamquam</span> <span class='ocrx_word' id='word_1_102' title='bbox 587 2293 621 2354; x_wconf 90' lang='lat' dir='ltr'>in</span> <span class='ocrx_word' id='word_1_103' title='bbox 642 2310 769 2356; x_wconf 87' lang='lat' dir='ltr'>soonam</span> <span class='ocrx_word' id='word_1_104' title='bbox 789 2291 999 2375; x_wconf 88' lang='lat' dir='ltr'>prodnoatur:</span> <span class='ocrx_word' id='word_1_105' title='bbox 1013 2291 1218 2374; x_wconf 81' lang='lat' dir='ltr'>comparandi</span> <span class='ocrx_word' id='word_1_106' title='bbox 1230 2292 1314 2355; x_wconf 89' lang='lat' dir='ltr'>enim</span> 
     </span>
     <span class='ocr_line' id='line_1_16' title="bbox 199 2404 1316 2488; baseline -0.003 -18"><span class='ocrx_word' id='word_1_107' title='bbox 199 2413 276 2471; x_wconf 88' lang='lat' dir='ltr'>sunt</span> <span class='ocrx_word' id='word_1_108' title='bbox 306 2426 418 2471; x_wconf 89' lang='lat' dir='ltr'>versus</span> <span class='ocrx_word' id='word_1_109' title='bbox 446 2425 463 2470; x_wconf 93' lang='lat' dir='ltr'>e</span> <span class='ocrx_word' id='word_1_110' title='bbox 485 2405 649 2469; x_wconf 84' lang='lat' dir='ltr'>comoedia</span> <span class='ocrx_word' id='word_1_111' title='bbox 672 2404 904 2488; x_wconf 79' lang='lat' dir='ltr'>tragoediaque</span> <span class='ocrx_word' id='word_1_112' title='bbox 928 2405 1046 2488; x_wconf 86' lang='lat' dir='ltr'>quibus</span> <span class='ocrx_word' id='word_1_113' title='bbox 1069 2424 1184 2468; x_wconf 89' lang='lat' dir='ltr'>novam</span> <span class='ocrx_word' id='word_1_114' title='bbox 1208 2424 1316 2488; x_wconf 89' lang='lat' dir='ltr'>perso-</span> 
     </span>
     <span class='ocr_line' id='line_1_17' title="bbox 198 2516 1315 2603; baseline -0.004 -19"><span class='ocrx_word' id='word_1_115' title='bbox 198 2541 274 2584; x_wconf 88' lang='lat' dir='ltr'>nam</span> <span class='ocrx_word' id='word_1_116' title='bbox 307 2521 456 2585; x_wconf 88' lang='lat' dir='ltr'>aooedere</span> <span class='ocrx_word' id='word_1_117' title='bbox 488 2521 664 2602; x_wconf 81' lang='lat' dir='ltr'>nuntiatur,</span> <span class='ocrx_word' id='word_1_118' title='bbox 694 2538 719 2583; x_wconf 89' lang='lat' dir='ltr'>e.</span> <span class='ocrx_word' id='word_1_119' title='bbox 739 2540 785 2603; x_wconf 85' lang='lat' dir='ltr'>gr.</span> <span class='ocrx_word' id='word_1_120' title='bbox 815 2516 866 2581; x_wconf 74' lang='grc' dir='ltr'>καὶ</span> <span class='ocrx_word' id='word_1_121' title='bbox 892 2517 951 2596; x_wconf 72' lang='grc' dir='ltr'>μὴν</span> <span class='ocrx_word' id='word_1_122' title='bbox 973 2518 1022 2598; x_wconf 80' lang='grc' dir='ltr'>ὁρῶ</span> <span class='ocrx_word' id='word_1_123' title='bbox 1046 2517 1097 2581; x_wconf 77' lang='grc' dir='ltr'>καὶ</span> <span class='ocrx_word' id='word_1_124' title='bbox 1122 2517 1315 2598; x_wconf 66' lang='grc' dir='ltr'>Βλεψίδημον</span> 
     </span>
     <span class='ocr_line' id='line_1_18' title="bbox 197 2634 314 2700; baseline -0.017 -3"><span class='ocrx_word' id='word_1_125' title='bbox 197 2634 314 2700; x_wconf 79' lang='grc' dir='ltr'><strong><em>τουτονί.</em></strong></span> 
     </span>
    </p>

    <p class='ocr_par' dir='ltr' id='par_1_5' title="bbox 194 2745 1346 3395">
     <span class='ocr_line' id='line_1_19' title="bbox 240 2745 1310 2830; baseline -0.001 -19"><span class='ocrx_word' id='word_1_126' title='bbox 240 2748 298 2812; x_wconf 78' lang='lat' dir='ltr'>IX</span> <span class='ocrx_word' id='word_1_127' title='bbox 332 2748 372 2811; x_wconf 93' lang='lat' dir='ltr'>In</span> <span class='ocrx_word' id='word_1_128' title='bbox 406 2748 590 2811; x_wconf 91' lang='lat' dir='ltr'>memoriam</span> <span class='ocrx_word' id='word_1_129' title='bbox 623 2746 706 2810; x_wconf 91' lang='lat' dir='ltr'>redit</span> <span class='ocrx_word' id='word_1_130' title='bbox 738 2745 920 2830; x_wconf 91' lang='lat' dir='ltr'>Xenophon</span> <span class='ocrx_word' id='word_1_131' title='bbox 956 2745 1192 2829; x_wconf 77' lang='lat' dir='ltr'>beneficiorum,</span> <span class='ocrx_word' id='word_1_132' title='bbox 1228 2766 1310 2830; x_wconf 88' lang='lat' dir='ltr'>quae</span> 
     </span>
     <span class='ocr_line' id='line_1_20' title="bbox 196 2861 1313 2946; baseline -0.005 -17"><span class='ocrx_word' id='word_1_133' title='bbox 196 2864 357 2929; x_wconf 83' lang='lat' dir='ltr'>exereitus</span> <span class='ocrx_word' id='word_1_134' title='bbox 380 2884 399 2926; x_wconf 90' lang='lat' dir='ltr'>a</span> <span class='ocrx_word' id='word_1_135' title='bbox 421 2881 455 2926; x_wconf 90' lang='lat' dir='ltr'>se</span> <span class='ocrx_word' id='word_1_136' title='bbox 475 2862 645 2946; x_wconf 84' lang='lat' dir='ltr'>acceperit:</span> <span class='ocrx_word' id='word_1_137' title='bbox 666 2863 924 2944; x_wconf 90' lang='lat' dir='ltr'>enumeratisque</span> <span class='ocrx_word' id='word_1_138' title='bbox 935 2862 998 2923; x_wconf 88' lang='lat' dir='ltr'>iam</span> <span class='ocrx_word' id='word_1_139' title='bbox 1012 2861 1135 2944; x_wconf 88' lang='lat' dir='ltr'>aliquot</span> <span class='ocrx_word' id='word_1_140' title='bbox 1147 2861 1313 2944; x_wconf 81' lang='lat' dir='ltr'>exemplis,</span> 
     </span>
     <span class='ocr_line' id='line_1_21' title="bbox 194 2970 1312 3056; baseline -0.004 -16"><span class='ocrx_word' id='word_1_141' title='bbox 194 2979 240 3040; x_wconf 87' lang='lat' dir='ltr'>ita</span> <span class='ocrx_word' id='word_1_142' title='bbox 263 2997 382 3041; x_wconf 90' lang='lat' dir='ltr'>novum</span> <span class='ocrx_word' id='word_1_143' title='bbox 407 2975 494 3038; x_wconf 90' lang='lat' dir='ltr'>addit</span> <span class='ocrx_word' id='word_1_144' title='bbox 519 2974 564 3053; x_wconf 86' lang='lat' dir='ltr'>(L.</span> <span class='ocrx_word' id='word_1_145' title='bbox 588 2973 661 3056; x_wconf 86' lang='lat' dir='ltr'>VII,</span> <span class='ocrx_word' id='word_1_146' title='bbox 686 2974 715 3056; x_wconf 81' lang='lat'>6,</span> <span class='ocrx_word' id='word_1_147' title='bbox 740 2974 808 3054; x_wconf 81' lang='lat'>15):</span> <span class='ocrx_word' id='word_1_148' title='bbox 834 2971 897 3035; x_wconf 74' lang='grc' dir='ltr'>ἐπεὶ</span> <span class='ocrx_word' id='word_1_149' title='bbox 922 2997 958 3050; x_wconf 71' lang='grc' dir='ltr'>γε</span> <span class='ocrx_word' id='word_1_150' title='bbox 980 2971 1039 3049; x_wconf 68' lang='grc' dir='ltr'>μὴν</span> <span class='ocrx_word' id='word_1_151' title='bbox 1062 2970 1219 3052; x_wconf 77' lang='grc' dir='ltr'><strong><em>ψεύδεσθαι</em></strong></span> <span class='ocrx_word' id='word_1_152' title='bbox 1238 2971 1312 3036; x_wconf 83' lang='grc' dir='ltr'><strong><em>Σεύ-</em></strong></span> 
     </span>
     <span class='ocr_line' id='line_1_22' title="bbox 196 3063 1346 3170; baseline -0.003 -17"><span class='ocrx_word' id='word_1_153' title='bbox 196 3092 245 3162; x_wconf 75' lang='lat' dir='ltr'>dne</span> <span class='ocrx_word' id='word_1_154' title='bbox 268 3086 374 3170; x_wconf 80' lang='grc' dir='ltr'><strong><em>ἤρξατο</em></strong></span> <span class='ocrx_word' id='word_1_155' title='bbox 397 3087 460 3168; x_wconf 76' lang='grc' dir='ltr'>περὶ</span> <span class='ocrx_word' id='word_1_156' title='bbox 484 3091 534 3151; x_wconf 83' lang='grc' dir='ltr'>τοῦ</span> <span class='ocrx_word' id='word_1_157' title='bbox 558 3088 661 3163; x_wconf 74' lang='grc' dir='ltr'><em>μισθοῦ</em></span> <span class='ocrx_word' id='word_1_158' title='bbox 677 3134 684 3148; x_wconf 96' lang='grc'><strong>.</strong></span> <span class='ocrx_word' id='word_1_159' title='bbox 699 3134 705 3148; x_wconf 92' lang='grc'><strong>.</strong></span> <span class='ocrx_word' id='word_1_160' title='bbox 720 3133 750 3150; x_wconf 89' lang='grc'>..</span> <span class='ocrx_word' id='word_1_161' title='bbox 774 3089 835 3157; x_wconf 74' lang='grc' dir='ltr'>πῶς</span> <span class='ocrx_word' id='word_1_162' title='bbox 857 3084 893 3148; x_wconf 76' lang='lat' dir='ltr'>ta</span> <span class='ocrx_word' id='word_1_163' title='bbox 918 3082 959 3148; x_wconf 77' lang='grc' dir='ltr'>ἔτι</span> <span class='ocrx_word' id='word_1_164' title='bbox 983 3084 1097 3157; x_wconf 76' lang='grc' dir='ltr'><strong><em>δικαίως</em></strong></span> <span class='ocrx_word' id='word_1_165' title='bbox 1122 3085 1201 3163; x_wconf 74' lang='grc' dir='ltr'><strong><em>ὑμᾶς</em></strong></span> <span class='ocrx_word' id='word_1_166' title='bbox 1222 3063 1313 3167; x_wconf 64' lang='lat' dir='ltr'>elpod-</span> <span class='ocrx_word' id='word_1_167' title='bbox 1341 3086 1346 3103; x_wconf 81' lang='grc'><strong>“</strong></span> 
     </span>
     <span class='ocr_line' id='line_1_23' title="bbox 196 3183 1313 3280; baseline -0.004 -14"><span class='ocrx_word' id='word_1_168' title='bbox 196 3225 281 3280; x_wconf 78' lang='grc' dir='ltr'><strong><em>μενος</em></strong></span> <span class='ocrx_word' id='word_1_169' title='bbox 311 3199 380 3265; x_wconf 67' lang='grc' dir='ltr'>ἀντὶ</span> <span class='ocrx_word' id='word_1_170' title='bbox 410 3199 516 3264; x_wconf 76' lang='grc' dir='ltr'><strong><em>Σεύθου</em></strong></span> <span class='ocrx_word' id='word_1_171' title='bbox 547 3199 600 3280; x_wconf 79' lang='grc' dir='ltr'>ὑφ’</span> <span class='ocrx_word' id='word_1_172' title='bbox 629 3199 708 3276; x_wconf 81' lang='grc' dir='ltr'><em>ὑμῶν</em></span> <span class='ocrx_word' id='word_1_173' title='bbox 731 3183 826 3262; x_wconf 65' lang='lat' dir='ltr'>ateleto</span> <span class='ocrx_word' id='word_1_174' title='bbox 849 3195 949 3276; x_wconf 76' lang='grc' dir='ltr'><strong><em>ἔχοιμι</em></strong></span> <span class='ocrx_word' id='word_1_175' title='bbox 972 3197 1036 3278; x_wconf 79' lang='grc' dir='ltr'>περὶ</span> <span class='ocrx_word' id='word_1_176' title='bbox 1061 3193 1097 3262; x_wconf 77' lang='grc' dir='ltr'>ὧν</span> <span class='ocrx_word' id='word_1_177' title='bbox 1121 3199 1189 3279; x_wconf 79' lang='grc' dir='ltr'>πρὸς</span> <span class='ocrx_word' id='word_1_178' title='bbox 1212 3203 1313 3263; x_wconf 76' lang='grc' dir='ltr'><em>τοῦτον</em></span> 
     </span>
     <span class='ocr_line' id='line_1_24' title="bbox 196 3313 389 3395; baseline -0.01 -15"><span class='ocrx_word' id='word_1_179' title='bbox 196 3313 389 3395; x_wconf 77' lang='grc' dir='ltr'>διαφέρομαι;</span> 
     </span>
    </p>

    <p class='ocr_par' dir='ltr' id='par_1_6' title="bbox 193 3424 1312 4086">
     <span class='ocr_line' id='line_1_25' title="bbox 239 3424 1312 3509; baseline -0.004 -17"><span class='ocrx_word' id='word_1_180' title='bbox 239 3428 280 3492; x_wconf 88' lang='lat' dir='ltr'>X</span> <span class='ocrx_word' id='word_1_181' title='bbox 303 3428 342 3491; x_wconf 93' lang='lat' dir='ltr'>In</span> <span class='ocrx_word' id='word_1_182' title='bbox 366 3427 473 3492; x_wconf 88' lang='lat' dir='ltr'>eadem</span> <span class='ocrx_word' id='word_1_183' title='bbox 500 3428 640 3490; x_wconf 88' lang='lat' dir='ltr'>oratione</span> <span class='ocrx_word' id='word_1_184' title='bbox 663 3427 693 3508; x_wconf 61' lang='lat' dir='ltr'>(S</span> <span class='ocrx_word' id='word_1_185' title='bbox 718 3427 771 3506; x_wconf 85' lang='grc'>22)</span> <span class='ocrx_word' id='word_1_186' title='bbox 794 3425 976 3508; x_wconf 91' lang='lat' dir='ltr'>Xenophon</span> <span class='ocrx_word' id='word_1_187' title='bbox 1003 3444 1095 3505; x_wconf 84' lang='lat' dir='ltr'>„non</span> <span class='ocrx_word' id='word_1_188' title='bbox 1115 3424 1184 3489; x_wconf 92' lang='lat' dir='ltr'>est’&#39;</span> <span class='ocrx_word' id='word_1_189' title='bbox 1204 3427 1312 3509; x_wconf 93' lang='lat' dir='ltr'>inquit</span> 
     </span>
     <span class='ocr_line' id='line_1_26' title="bbox 199 3528 1312 3626; baseline -0.004 -20"><span class='ocrx_word' id='word_1_190' title='bbox 199 3528 313 3626; x_wconf 85' lang='lat' dir='ltr'>„quod</span> <span class='ocrx_word' id='word_1_191' title='bbox 335 3561 386 3605; x_wconf 91' lang='lat' dir='ltr'>me</span> <span class='ocrx_word' id='word_1_192' title='bbox 409 3540 526 3624; x_wconf 89' lang='lat' dir='ltr'>pudeat</span> <span class='ocrx_word' id='word_1_193' title='bbox 549 3560 567 3603; x_wconf 91' lang='lat' dir='ltr'>a</span> <span class='ocrx_word' id='word_1_194' title='bbox 589 3539 707 3604; x_wconf 90' lang='lat' dir='ltr'>Seuthe</span> <span class='ocrx_word' id='word_1_195' title='bbox 729 3559 798 3603; x_wconf 92' lang='lat' dir='ltr'>esse</span> <span class='ocrx_word' id='word_1_196' title='bbox 821 3540 997 3623; x_wconf 79' lang='lat' dir='ltr'>deceptum,</span> <span class='ocrx_word' id='word_1_197' title='bbox 1019 3540 1170 3622; x_wconf 92' lang='lat' dir='ltr'>quoniam</span> <span class='ocrx_word' id='word_1_198' title='bbox 1193 3538 1226 3601; x_wconf 92' lang='lat' dir='ltr'>id</span> <span class='ocrx_word' id='word_1_199' title='bbox 1246 3557 1312 3601; x_wconf 90' lang='lat' dir='ltr'>non</span> 
     </span>
     <span class='ocr_line' id='line_1_27' title="bbox 194 3652 1310 3739; baseline -0.005 -19"><span class='ocrx_word' id='word_1_200' title='bbox 194 3662 302 3720; x_wconf 88' lang='lat' dir='ltr'>nostra</span> <span class='ocrx_word' id='word_1_201' title='bbox 324 3656 418 3739; x_wconf 86' lang='lat' dir='ltr'>eulpa</span> <span class='ocrx_word' id='word_1_202' title='bbox 439 3654 558 3719; x_wconf 91' lang='lat' dir='ltr'>faotum</span> <span class='ocrx_word' id='word_1_203' title='bbox 582 3659 645 3719; x_wconf 87' lang='lat' dir='ltr'>est:</span> <span class='ocrx_word' id='word_1_204' title='bbox 666 3652 745 3716; x_wconf 91' lang='lat' dir='ltr'>nihil</span> <span class='ocrx_word' id='word_1_205' title='bbox 765 3655 851 3717; x_wconf 90' lang='lat' dir='ltr'>enim</span> <span class='ocrx_word' id='word_1_206' title='bbox 870 3654 1056 3736; x_wconf 73' lang='lat' dir='ltr'>feneramus,</span> <span class='ocrx_word' id='word_1_207' title='bbox 1070 3671 1133 3736; x_wconf 91' lang='lat' dir='ltr'>quo</span> <span class='ocrx_word' id='word_1_208' title='bbox 1151 3653 1180 3716; x_wconf 91' lang='lat' dir='ltr'>ei</span> <span class='ocrx_word' id='word_1_209' title='bbox 1192 3654 1310 3716; x_wconf 91' lang='lat' dir='ltr'>iustam</span> 
     </span>
     <span class='ocr_line' id='line_1_28' title="bbox 193 3762 1311 3854; baseline -0.007 -20"><span class='ocrx_word' id='word_1_210' title='bbox 193 3769 416 3854; x_wconf 89' lang='lat' dir='ltr'>praeberemus</span> <span class='ocrx_word' id='word_1_211' title='bbox 449 3788 577 3832; x_wconf 89' lang='lat' dir='ltr'>oausam</span> <span class='ocrx_word' id='word_1_212' title='bbox 607 3767 731 3831; x_wconf 78' lang='lat' dir='ltr'>fallacia</span> <span class='ocrx_word' id='word_1_213' title='bbox 755 3768 908 3832; x_wconf 89' lang='lat' dir='ltr'>adversus</span> <span class='ocrx_word' id='word_1_214' title='bbox 932 3787 991 3831; x_wconf 94' lang='lat' dir='ltr'>nos</span> <span class='ocrx_word' id='word_1_215' title='bbox 1015 3766 1142 3830; x_wconf 88' lang='lat' dir='ltr'>utendi:</span> <span class='ocrx_word' id='word_1_216' title='bbox 1166 3762 1311 3843; x_wconf 72' lang='grc' dir='ltr'>οὔτεγὰρ</span> 
     </span>
     <span class='ocr_line' id='line_1_29' title="bbox 194 3875 1311 3958; baseline -0.004 -13"><span class='ocrx_word' id='word_1_217' title='bbox 194 3881 375 3958; x_wconf 69' lang='grc' dir='ltr'><em>ἠδικήσαμεν</em></span> <span class='ocrx_word' id='word_1_218' title='bbox 405 3886 505 3945; x_wconf 78' lang='grc' dir='ltr'><em>τοῦτον</em></span> <span class='ocrx_word' id='word_1_219' title='bbox 535 3880 622 3953; x_wconf 78' lang='grc' dir='ltr'><em>οὐδὲν,</em></span> <span class='ocrx_word' id='word_1_220' title='bbox 648 3878 712 3944; x_wconf 79' lang='grc' dir='ltr'><strong><em>οὔτε</em></strong></span> <span class='ocrx_word' id='word_1_221' title='bbox 740 3878 1027 3957; x_wconf 69' lang='grc' dir='ltr'>κατεβλακεύσαμεν</span> <span class='ocrx_word' id='word_1_222' title='bbox 1050 3877 1090 3942; x_wconf 71' lang='grc' dir='ltr'>τὰ</span> <span class='ocrx_word' id='word_1_223' title='bbox 1112 3876 1222 3950; x_wconf 79' lang='grc' dir='ltr'><em>τούτου,</em></span> <span class='ocrx_word' id='word_1_224' title='bbox 1245 3875 1311 3942; x_wconf 77' lang='grc' dir='ltr'><em>οὐδὲ</em></span> 
     </span>
     <span class='ocr_line' id='line_1_30' title="bbox 193 3987 1258 4086; baseline -0.007 -26"><span class='ocrx_word' id='word_1_225' title='bbox 193 3995 253 4073; x_wconf 65' lang='grc' dir='ltr'>μὴν</span> <span class='ocrx_word' id='word_1_226' title='bbox 276 3993 539 4086; x_wconf 67' lang='grc' dir='ltr'>κατεδειλιάσαμεν</span> <span class='ocrx_word' id='word_1_227' title='bbox 562 3994 642 4057; x_wconf 79' lang='grc' dir='ltr'><em>οὐδὲν</em></span> <span class='ocrx_word' id='word_1_228' title='bbox 664 3992 714 4073; x_wconf 78' lang='grc' dir='ltr'>ἐφ’</span> <span class='ocrx_word' id='word_1_229' title='bbox 743 3991 765 4065; x_wconf 78' lang='grc' dir='ltr'>ὅ,</span> <span class='ocrx_word' id='word_1_230' title='bbox 791 4016 818 4056; x_wconf 73' lang='grc' dir='ltr'>τι</span> <span class='ocrx_word' id='word_1_231' title='bbox 841 3987 922 4065; x_wconf 77' lang='grc' dir='ltr'><em>οὗτος</em></span> <span class='ocrx_word' id='word_1_232' title='bbox 947 3993 1028 4070; x_wconf 67' lang='grc' dir='ltr'><em>ἡμᾶς</em></span> <span class='ocrx_word' id='word_1_233' title='bbox 1052 3989 1258 4071; x_wconf 71' lang='grc' dir='ltr'><strong><em>παρεκάλεσεν.</em></strong></span> 
     </span>
    </p>

    <p class='ocr_par' dir='ltr' id='par_1_7' title="bbox 193 4107 1311 4305">
     <span class='ocr_line' id='line_1_31' title="bbox 236 4107 1311 4194; baseline -0.003 -22"><span class='ocrx_word' id='word_1_234' title='bbox 236 4109 295 4172; x_wconf 89' lang='lat' dir='ltr'>XL</span> <span class='ocrx_word' id='word_1_235' title='bbox 329 4109 509 4194; x_wconf 91' lang='lat' dir='ltr'>Xenophon</span> <span class='ocrx_word' id='word_1_236' title='bbox 547 4107 688 4172; x_wconf 89' lang='lat' dir='ltr'>Seuthen</span> <span class='ocrx_word' id='word_1_237' title='bbox 719 4107 818 4188; x_wconf 85' lang='lat' dir='ltr'>docet,</span> <span class='ocrx_word' id='word_1_238' title='bbox 848 4127 987 4191; x_wconf 91' lang='lat' dir='ltr'>aequum</span> <span class='ocrx_word' id='word_1_239' title='bbox 1017 4107 1208 4189; x_wconf 91' lang='lat' dir='ltr'>iustumque</span> <span class='ocrx_word' id='word_1_240' title='bbox 1232 4123 1311 4188; x_wconf 83' lang='lat' dir='ltr'>esse,</span> 
     </span>
     <span class='ocr_line' id='line_1_32' title="bbox 193 4218 1309 4305; baseline -0.007 -17"><span class='ocrx_word' id='word_1_241' title='bbox 193 4224 309 4288; x_wconf 89' lang='lat' dir='ltr'>mihtes</span> <span class='ocrx_word' id='word_1_242' title='bbox 345 4223 482 4287; x_wconf 82' lang='lat' dir='ltr'>Graecos</span> <span class='ocrx_word' id='word_1_243' title='bbox 517 4222 556 4286; x_wconf 90' lang='lat' dir='ltr'>ab</span> <span class='ocrx_word' id='word_1_244' title='bbox 588 4242 624 4287; x_wconf 92' lang='lat' dir='ltr'>eo</span> <span class='ocrx_word' id='word_1_245' title='bbox 654 4222 843 4305; x_wconf 89' lang='lat' dir='ltr'>promissam</span> <span class='ocrx_word' id='word_1_246' title='bbox 873 4221 1013 4304; x_wconf 80' lang='lat' dir='ltr'>accipere</span> <span class='ocrx_word' id='word_1_247' title='bbox 1038 4218 1234 4282; x_wconf 90' lang='lat' dir='ltr'>mercedem:</span> <span class='ocrx_word' id='word_1_248' title='bbox 1259 4219 1309 4281; x_wconf 89' lang='lat' dir='ltr'>sin</span> 
     </span>
    </p>
   </div>
   <div class='ocr_carea' id='block_1_3' title="bbox 190 4331 1310 4490">
    <p class='ocr_par' dir='ltr' id='par_1_8' title="bbox 190 4331 1310 4490">
     <span class='ocr_line' id='line_1_33' title="bbox 190 4331 1310 4420; baseline -0.007 -19"><span class='ocrx_word' id='word_1_249' title='bbox 190 4338 355 4420; x_wconf 88' lang='lat' dir='ltr'>promissis</span> <span class='ocrx_word' id='word_1_250' title='bbox 378 4356 444 4400; x_wconf 91' lang='lat' dir='ltr'>non</span> <span class='ocrx_word' id='word_1_251' title='bbox 466 4341 527 4400; x_wconf 90' lang='lat' dir='ltr'>stet</span> <span class='ocrx_word' id='word_1_252' title='bbox 549 4335 693 4419; x_wconf 81' lang='lat' dir='ltr'>Seuthes,</span> <span class='ocrx_word' id='word_1_253' title='bbox 717 4355 842 4400; x_wconf 89' lang='lat' dir='ltr'>summa</span> <span class='ocrx_word' id='word_1_254' title='bbox 866 4353 907 4398; x_wconf 80' lang='lat' dir='ltr'>ex</span> <span class='ocrx_word' id='word_1_255' title='bbox 930 4352 967 4397; x_wconf 94' lang='lat' dir='ltr'>ea</span> <span class='ocrx_word' id='word_1_256' title='bbox 990 4331 1122 4416; x_wconf 88' lang='lat' dir='ltr'>perfidia</span> <span class='ocrx_word' id='word_1_257' title='bbox 1141 4331 1206 4415; x_wconf 89' lang='lat' dir='ltr'>ipsi</span> <span class='ocrx_word' id='word_1_258' title='bbox 1228 4331 1310 4414; x_wconf 90' lang='lat' dir='ltr'>peri·</span> 
     </span>
     <span class='ocr_line' id='line_1_34' title="bbox 1194 4441 1212 4490; baseline 0 0"><span class='ocrx_word' id='word_1_259' title='bbox 1194 4441 1212 4490; x_wconf 76' lang='lat' dir='ltr'>t</span> 
     </span>
    </p>
   </div>
   <div class='ocr_carea' id='block_1_4' title="bbox 0 0 1682 5268">
    <p class='ocr_par' dir='ltr' id='par_1_9' title="bbox 0 0 1682 5268">
     <span class='ocr_line' id='line_1_35' title="bbox 0 0 1682 5268; baseline 0 3"><span class='ocrx_word' id='word_1_260' title='bbox 0 0 1682 5268; x_wconf 95' lang='lat' dir='ltr'> </span> 
     </span>
    </p>
   </div>
  </div>
 </body>
</html>
