<?xml version="1.0" encoding="UTF-8"?>
<!DOCTYPE html PUBLIC "-//W3C//DTD XHTML 1.0 Transitional//EN"
    "http://www.w3.org/TR/xhtml1/DTD/xhtml1-transitional.dtd">
<html xmlns="http://www.w3.org/1999/xhtml" xml:lang="en" lang="en">
 <head>
  <title>
</title>
<meta http-equiv="Content-Type" content="text/html;charset=utf-8" />
  <meta name='ocr-system' content='tesseract 3.04.00' />
  <meta name='ocr-capabilities' content='ocr_page ocr_carea ocr_par ocr_line ocrx_word'/>
</head>
<body>
  <div class='ocr_page' id='page_1' title='image "./analectaxenopho00hartgoog_0369.png"; bbox 0 0 3330 5262; ppageno 0'>
   <div class='ocr_carea' id='block_1_1' title="bbox 888 601 954 666">
    <p class='ocr_par' dir='ltr' id='par_1_1' title="bbox 888 601 954 666">
     <span class='ocr_line' id='line_1_1' title="bbox 888 601 954 666; baseline 0 0"><span class='ocrx_word' id='word_1_1' title='bbox 888 601 954 666; x_wconf 75' lang='lat'>364</span> 
     </span>
    </p>
   </div>
   <div class='ocr_carea' id='block_1_2' title="bbox 356 783 1493 1782">
    <p class='ocr_par' dir='ltr' id='par_1_2' title="bbox 356 783 1491 1439">
     <span class='ocr_line' id='line_1_2' title="bbox 356 783 1490 870; baseline 0.008 -20"><span class='ocrx_word' id='word_1_2' title='bbox 356 785 509 851; x_wconf 84' lang='lat' dir='ltr'><strong>Piraeum</strong></span> <span class='ocrx_word' id='word_1_3' title='bbox 534 786 594 850; x_wconf 85' lang='lat' dir='ltr'>iter</span> <span class='ocrx_word' id='word_1_4' title='bbox 616 783 702 866; x_wconf 86' lang='lat' dir='ltr'>facit,</span> <span class='ocrx_word' id='word_1_5' title='bbox 727 804 827 850; x_wconf 88' lang='lat' dir='ltr'>unam</span> <span class='ocrx_word' id='word_1_6' title='bbox 856 804 978 850; x_wconf 89' lang='lat' dir='ltr'>moram</span> <span class='ocrx_word' id='word_1_7' title='bbox 1005 805 1062 870; x_wconf 90' lang='lat' dir='ltr'>per</span> <span class='ocrx_word' id='word_1_8' title='bbox 1087 793 1213 852; x_wconf 90' lang='lat' dir='ltr'>montes</span> <span class='ocrx_word' id='word_1_9' title='bbox 1232 790 1345 854; x_wconf 91' lang='lat' dir='ltr'>eodem</span> <span class='ocrx_word' id='word_1_10' title='bbox 1365 793 1490 860; x_wconf 88' lang='lat' dir='ltr'>mittit:</span> 
     </span>
     <span class='ocr_line' id='line_1_3' title="bbox 358 897 1491 980; baseline 0.007 -18"><span class='ocrx_word' id='word_1_11' title='bbox 358 897 425 964; x_wconf 77' lang='grc' dir='ltr'><strong><em>ἔνθα</em></strong></span> <span class='ocrx_word' id='word_1_12' title='bbox 455 897 491 971; x_wconf 70' lang='grc' dir='ltr'>δὴ</span> <span class='ocrx_word' id='word_1_13' title='bbox 513 897 565 962; x_wconf 82' lang='grc' dir='ltr'>καί</span> <span class='ocrx_word' id='word_1_14' title='bbox 589 897 772 977; x_wconf 70' lang='grc' dir='ltr'><strong><em>Ἀγησίλαος</em></strong></span> <span class='ocrx_word' id='word_1_15' title='bbox 797 899 886 978; x_wconf 79' lang='grc' dir='ltr'><strong><em>μικρῷ</em></strong></span> <span class='ocrx_word' id='word_1_16' title='bbox 910 898 966 976; x_wconf 78' lang='grc' dir='ltr'>μὲν</span> <span class='ocrx_word' id='word_1_17' title='bbox 988 898 1084 980; x_wconf 85' lang='grc' dir='ltr'><strong><em>καιρίιρ</em></strong></span> <span class='ocrx_word' id='word_1_18' title='bbox 1108 899 1140 964; x_wconf 81' lang='grc' dir='ltr'>δὲ</span> <span class='ocrx_word' id='word_1_19' title='bbox 1162 901 1349 979; x_wconf 71' lang='grc' dir='ltr'>ἐνθυμήματι</span> <span class='ocrx_word' id='word_1_20' title='bbox 1373 904 1491 970; x_wconf 77' lang='grc' dir='ltr'><strong><em>εὐδοκί-</em></strong></span> 
     </span>
     <span class='ocr_line' id='line_1_4' title="bbox 358 1007 1490 1096; baseline 0.003 -19"><span class='ocrx_word' id='word_1_21' title='bbox 358 1036 447 1091; x_wconf 75' lang='grc' dir='ltr'><strong><em>μησε·</em></strong></span> <span class='ocrx_word' id='word_1_22' title='bbox 477 1015 534 1076; x_wconf 80' lang='grc' dir='ltr'>τῶν</span> <span class='ocrx_word' id='word_1_23' title='bbox 564 1009 622 1092; x_wconf 70' lang='grc' dir='ltr'>γὰρ</span> <span class='ocrx_word' id='word_1_24' title='bbox 652 1018 688 1091; x_wconf 69' lang='grc' dir='ltr'>τῇ</span> <span class='ocrx_word' id='word_1_25' title='bbox 712 1009 787 1094; x_wconf 81' lang='grc' dir='ltr'><strong><em>μίρρ</em></strong></span> <span class='ocrx_word' id='word_1_26' title='bbox 810 1007 952 1092; x_wconf 80' lang='grc' dir='ltr'><strong><em>Φερίντιον</em></strong></span> <span class='ocrx_word' id='word_1_27' title='bbox 976 1011 1016 1076; x_wconf 76' lang='grc' dir='ltr'>τοὶ</span> <span class='ocrx_word' id='word_1_28' title='bbox 1039 1012 1118 1077; x_wconf 86' lang='grc' dir='ltr'><strong><em>σιτία</em></strong></span> <span class='ocrx_word' id='word_1_29' title='bbox 1140 1013 1251 1086; x_wconf 73' lang='grc' dir='ltr'><strong><em>οὐδενὸς</em></strong></span> <span class='ocrx_word' id='word_1_30' title='bbox 1276 1019 1333 1096; x_wconf 78' lang='grc' dir='ltr'>πῦρ</span> <span class='ocrx_word' id='word_1_31' title='bbox 1356 1017 1490 1095; x_wconf 69' lang='grc' dir='ltr'>εἰσενεγ-</span> 
     </span>
     <span class='ocr_line' id='line_1_5' title="bbox 358 1125 1490 1214; baseline 0.005 -24"><span class='ocrx_word' id='word_1_32' title='bbox 358 1125 457 1199; x_wconf 77' lang='grc' dir='ltr'><strong><em>κίντος</em></strong></span> <span class='ocrx_word' id='word_1_33' title='bbox 471 1173 478 1190; x_wconf 93' lang='grc'><strong>.</strong></span> <span class='ocrx_word' id='word_1_34' title='bbox 493 1173 500 1187; x_wconf 94' lang='grc'><strong>.</strong></span> <span class='ocrx_word' id='word_1_35' title='bbox 514 1173 543 1188; x_wconf 93' lang='grc'>..</span> <span class='ocrx_word' id='word_1_36' title='bbox 570 1125 717 1210; x_wconf 89' lang='lat' dir='ltr'>sequitur</span> <span class='ocrx_word' id='word_1_37' title='bbox 740 1126 879 1190; x_wconf 88' lang='lat' dir='ltr'>narratio</span> <span class='ocrx_word' id='word_1_38' title='bbox 900 1127 1077 1192; x_wconf 82' lang='lat' dir='ltr'>notissima</span> <span class='ocrx_word' id='word_1_39' title='bbox 1096 1126 1242 1192; x_wconf 83' lang='lat' dir='ltr'>Verbum</span> <span class='ocrx_word' id='word_1_40' title='bbox 1265 1133 1490 1214; x_wconf 89' lang='lat' dir='ltr'>compositum</span> 
     </span>
     <span class='ocr_line' id='line_1_6' title="bbox 358 1237 1490 1329; baseline 0.005 -26"><span class='ocrx_word' id='word_1_41' title='bbox 358 1237 565 1318; x_wconf 70' lang='grc' dir='ltr'><strong><em>εἰσενεγκόντος</em></strong></span> <span class='ocrx_word' id='word_1_42' title='bbox 599 1258 665 1302; x_wconf 94' lang='lat' dir='ltr'>non</span> <span class='ocrx_word' id='word_1_43' title='bbox 699 1257 876 1324; x_wconf 85' lang='lat' dir='ltr'>concoquo,</span> <span class='ocrx_word' id='word_1_44' title='bbox 911 1258 1017 1324; x_wconf 90' lang='lat' dir='ltr'>neque</span> <span class='ocrx_word' id='word_1_45' title='bbox 1048 1245 1157 1305; x_wconf 91' lang='lat' dir='ltr'>tamen</span> <span class='ocrx_word' id='word_1_46' title='bbox 1189 1242 1268 1324; x_wconf 92' lang='lat' dir='ltr'>quid</span> <span class='ocrx_word' id='word_1_47' title='bbox 1300 1242 1490 1329; x_wconf 82' lang='lat' dir='ltr'>Xenophon</span> 
     </span>
     <span class='ocr_line' id='line_1_7' title="bbox 359 1346 813 1439; baseline -0.011 -20"><span class='ocrx_word' id='word_1_48' title='bbox 359 1355 522 1439; x_wconf 84' lang='lat' dir='ltr'>scripserit</span> <span class='ocrx_word' id='word_1_49' title='bbox 543 1353 685 1418; x_wconf 88' lang='lat' dir='ltr'>invenio.</span> <span class='ocrx_word' id='word_1_50' title='bbox 805 1346 813 1367; x_wconf 82' lang='lat'>⁸</span> 
     </span>
    </p>

    <p class='ocr_par' dir='ltr' id='par_1_3' title="bbox 359 1466 1493 1782">
     <span class='ocr_line' id='line_1_8' title="bbox 404 1466 1489 1554; baseline 0.006 -24"><span class='ocrx_word' id='word_1_51' title='bbox 404 1468 444 1550; x_wconf 88' lang='lat' dir='ltr'>V,</span> <span class='ocrx_word' id='word_1_52' title='bbox 469 1468 519 1532; x_wconf 88' lang='lat'>16.</span> <span class='ocrx_word' id='word_1_53' title='bbox 541 1467 581 1530; x_wconf 90' lang='lat' dir='ltr'>In</span> <span class='ocrx_word' id='word_1_54' title='bbox 605 1468 788 1532; x_wconf 83' lang='lat' dir='ltr'>narratione</span> <span class='ocrx_word' id='word_1_55' title='bbox 812 1466 851 1532; x_wconf 91' lang='lat' dir='ltr'>de</span> <span class='ocrx_word' id='word_1_56' title='bbox 875 1486 983 1532; x_wconf 90' lang='lat' dir='ltr'>morae</span> <span class='ocrx_word' id='word_1_57' title='bbox 1002 1466 1177 1552; x_wconf 77' lang='lat' dir='ltr'>Spartanae</span> <span class='ocrx_word' id='word_1_58' title='bbox 1195 1470 1282 1554; x_wconf 89' lang='lat' dir='ltr'>apud</span> <span class='ocrx_word' id='word_1_59' title='bbox 1300 1469 1489 1536; x_wconf 83' lang='lat' dir='ltr'>Lechaeum</span> 
     </span>
     <span class='ocr_line' id='line_1_9' title="bbox 359 1580 1492 1668; baseline 0.002 -21"><span class='ocrx_word' id='word_1_60' title='bbox 359 1583 491 1647; x_wconf 89' lang='lat' dir='ltr'>interitu</span> <span class='ocrx_word' id='word_1_61' title='bbox 524 1585 601 1646; x_wconf 88' lang='lat' dir='ltr'>sunt</span> <span class='ocrx_word' id='word_1_62' title='bbox 634 1599 717 1665; x_wconf 89' lang='lat' dir='ltr'>quae</span> <span class='ocrx_word' id='word_1_63' title='bbox 750 1580 931 1644; x_wconf 85' lang='lat' dir='ltr'>molestiam</span> <span class='ocrx_word' id='word_1_64' title='bbox 954 1582 1088 1668; x_wconf 87' lang='lat' dir='ltr'>pariant,</span> <span class='ocrx_word' id='word_1_65' title='bbox 1111 1582 1305 1666; x_wconf 87' lang='lat' dir='ltr'>videturque</span> <span class='ocrx_word' id='word_1_66' title='bbox 1328 1583 1382 1647; x_wconf 88' lang='lat' dir='ltr'>illa</span> <span class='ocrx_word' id='word_1_67' title='bbox 1404 1605 1492 1668; x_wconf 93' lang='lat' dir='ltr'>quo-</span> 
     </span>
     <span class='ocr_line' id='line_1_10' title="bbox 362 1692 1493 1782; baseline 0.002 -22"><span class='ocrx_word' id='word_1_68' title='bbox 362 1715 426 1781; x_wconf 93' lang='lat' dir='ltr'>que</span> <span class='ocrx_word' id='word_1_69' title='bbox 457 1695 611 1760; x_wconf 82' lang='lat' dir='ltr'>lacunosa</span> <span class='ocrx_word' id='word_1_70' title='bbox 633 1713 712 1758; x_wconf 91' lang='lat' dir='ltr'>esse.</span> <span class='ocrx_word' id='word_1_71' title='bbox 737 1692 809 1769; x_wconf 82' lang='lat' dir='ltr'>Quo</span> <span class='ocrx_word' id='word_1_72' title='bbox 832 1697 941 1758; x_wconf 89' lang='lat' dir='ltr'>autem</span> <span class='ocrx_word' id='word_1_73' title='bbox 967 1694 1084 1760; x_wconf 89' lang='lat' dir='ltr'>melius</span> <span class='ocrx_word' id='word_1_74' title='bbox 1107 1695 1328 1761; x_wconf 88' lang='lat' dir='ltr'>demonstrare</span> <span class='ocrx_word' id='word_1_75' title='bbox 1350 1699 1493 1782; x_wconf 88' lang='lat' dir='ltr'>possim,</span> 
     </span>
    </p>
   </div>
   <div class='ocr_carea' id='block_1_3' title="bbox 267 1806 1492 1894">
    <p class='ocr_par' dir='ltr' id='par_1_4' title="bbox 267 1806 1492 1894">
     <span class='ocr_line' id='line_1_11' title="bbox 267 1806 1492 1894; baseline 0.007 -26"><span class='ocrx_word' id='word_1_76' title='bbox 267 1857 271 1868; x_wconf 92' lang='lat'>.</span> <span class='ocrx_word' id='word_1_77' title='bbox 362 1828 445 1892; x_wconf 88' lang='lat' dir='ltr'>quae</span> <span class='ocrx_word' id='word_1_78' title='bbox 467 1808 533 1873; x_wconf 87' lang='lat' dir='ltr'>fere</span> <span class='ocrx_word' id='word_1_79' title='bbox 556 1808 715 1873; x_wconf 82' lang='lat' dir='ltr'>excidisse</span> <span class='ocrx_word' id='word_1_80' title='bbox 737 1811 860 1892; x_wconf 90' lang='lat' dir='ltr'>putem,</span> <span class='ocrx_word' id='word_1_81' title='bbox 883 1826 952 1872; x_wconf 92' lang='lat' dir='ltr'>rem</span> <span class='ocrx_word' id='word_1_82' title='bbox 975 1806 1016 1871; x_wconf 86' lang='lat' dir='ltr'>ab</span> <span class='ocrx_word' id='word_1_83' title='bbox 1034 1809 1127 1872; x_wconf 90' lang='lat' dir='ltr'>initio</span> <span class='ocrx_word' id='word_1_84' title='bbox 1146 1816 1300 1894; x_wconf 88' lang='lat' dir='ltr'>repetam.</span> <span class='ocrx_word' id='word_1_85' title='bbox 1320 1809 1492 1876; x_wconf 87' lang='lat' dir='ltr'>Polemar-</span> 
     </span>
    </p>
   </div>
   <div class='ocr_carea' id='block_1_4' title="bbox 321 1919 1498 4388">
    <p class='ocr_par' dir='ltr' id='par_1_5' title="bbox 321 1919 1498 4388">
     <span class='ocr_line' id='line_1_12' title="bbox 361 1919 1491 2007; baseline 0.003 -21"><span class='ocrx_word' id='word_1_86' title='bbox 361 1923 441 1986; x_wconf 88' lang='lat' dir='ltr'>chus</span> <span class='ocrx_word' id='word_1_87' title='bbox 464 1921 649 2007; x_wconf 87' lang='lat' dir='ltr'>Spartanus,</span> <span class='ocrx_word' id='word_1_88' title='bbox 673 1921 787 1985; x_wconf 88' lang='lat' dir='ltr'>ceteris</span> <span class='ocrx_word' id='word_1_89' title='bbox 811 1920 851 1984; x_wconf 89' lang='lat' dir='ltr'>ad</span> <span class='ocrx_word' id='word_1_90' title='bbox 871 1919 1006 1986; x_wconf 88' lang='lat' dir='ltr'>Lechaei</span> <span class='ocrx_word' id='word_1_91' title='bbox 1027 1922 1155 1986; x_wconf 89' lang='lat' dir='ltr'>moenia</span> <span class='ocrx_word' id='word_1_92' title='bbox 1175 1922 1371 1988; x_wconf 87' lang='lat' dir='ltr'>defendenda</span> <span class='ocrx_word' id='word_1_93' title='bbox 1391 1925 1491 1989; x_wconf 89' lang='lat' dir='ltr'>relic-</span> 
     </span>
     <span class='ocr_line' id='line_1_13' title="bbox 360 2034 1491 2120; baseline 0.002 -20"><span class='ocrx_word' id='word_1_94' title='bbox 360 2037 411 2120; x_wconf 85' lang='lat' dir='ltr'>tis,</span> <span class='ocrx_word' id='word_1_95' title='bbox 441 2037 510 2120; x_wconf 92' lang='lat' dir='ltr'>ipse</span> <span class='ocrx_word' id='word_1_96' title='bbox 542 2055 618 2100; x_wconf 91' lang='lat' dir='ltr'>cum</span> <span class='ocrx_word' id='word_1_97' title='bbox 650 2034 844 2119; x_wconf 88' lang='lat' dir='ltr'>hoplitarum</span> <span class='ocrx_word' id='word_1_98' title='bbox 879 2036 1097 2119; x_wconf 86' lang='lat' dir='ltr'>equitumque</span> <span class='ocrx_word' id='word_1_99' title='bbox 1121 2054 1212 2099; x_wconf 92' lang='lat' dir='ltr'>mora</span> <span class='ocrx_word' id='word_1_100' title='bbox 1233 2036 1491 2117; x_wconf 82' lang='lat' dir='ltr'>Amyclaeenses</span> 
     </span>
     <span class='ocr_line' id='line_1_14' title="bbox 362 2146 1488 2234; baseline 0 -20"><span class='ocrx_word' id='word_1_101' title='bbox 362 2148 558 2231; x_wconf 85' lang='lat' dir='ltr'>Hyacinthia</span> <span class='ocrx_word' id='word_1_102' title='bbox 581 2149 670 2213; x_wconf 93' lang='lat' dir='ltr'>domi</span> <span class='ocrx_word' id='word_1_103' title='bbox 694 2146 908 2212; x_wconf 88' lang='lat' dir='ltr'>celebraturos</span> <span class='ocrx_word' id='word_1_104' title='bbox 931 2147 1117 2231; x_wconf 87' lang='lat' dir='ltr'>deduxerat,</span> <span class='ocrx_word' id='word_1_105' title='bbox 1140 2167 1222 2232; x_wconf 95' lang='lat' dir='ltr'>quos</span> <span class='ocrx_word' id='word_1_106' title='bbox 1242 2149 1488 2234; x_wconf 85' lang='lat' dir='ltr'>aliquantulum</span> 
     </span>
     <span class='ocr_line' id='line_1_15' title="bbox 362 2261 1489 2346; baseline 0.001 -20"><span class='ocrx_word' id='word_1_107' title='bbox 362 2264 433 2327; x_wconf 84' lang='lat' dir='ltr'>viae</span> <span class='ocrx_word' id='word_1_108' title='bbox 467 2263 641 2327; x_wconf 77' lang='lat' dir='ltr'>comitatus</span> <span class='ocrx_word' id='word_1_109' title='bbox 675 2263 745 2346; x_wconf 92' lang='lat' dir='ltr'>ipse</span> <span class='ocrx_word' id='word_1_110' title='bbox 776 2281 851 2325; x_wconf 91' lang='lat' dir='ltr'>oum</span> <span class='ocrx_word' id='word_1_111' title='bbox 886 2261 1014 2345; x_wconf 87' lang='lat' dir='ltr'>hoplitis</span> <span class='ocrx_word' id='word_1_112' title='bbox 1044 2263 1184 2343; x_wconf 83' lang='lat' dir='ltr'>revertit,</span> <span class='ocrx_word' id='word_1_113' title='bbox 1213 2263 1303 2327; x_wconf 91' lang='lat' dir='ltr'>iusso</span> <span class='ocrx_word' id='word_1_114' title='bbox 1334 2265 1489 2346; x_wconf 86' lang='lat' dir='ltr'>equitum</span> 
     </span>
     <span class='ocr_line' id='line_1_16' title="bbox 362 2374 1489 2462; baseline -0.002 -20"><span class='ocrx_word' id='word_1_115' title='bbox 362 2376 521 2462; x_wconf 87' lang='lat' dir='ltr'>praefecto</span> <span class='ocrx_word' id='word_1_116' title='bbox 544 2376 796 2458; x_wconf 86' lang='lat' dir='ltr'>Amyclaeenses</span> <span class='ocrx_word' id='word_1_117' title='bbox 819 2392 856 2438; x_wconf 92' lang='lat' dir='ltr'>eo</span> <span class='ocrx_word' id='word_1_118' title='bbox 881 2393 994 2457; x_wconf 89' lang='lat' dir='ltr'>usque,</span> <span class='ocrx_word' id='word_1_119' title='bbox 1019 2393 1083 2457; x_wconf 93' lang='lat' dir='ltr'>quo</span> <span class='ocrx_word' id='word_1_120' title='bbox 1102 2375 1165 2458; x_wconf 93' lang='lat' dir='ltr'>ipsi</span> <span class='ocrx_word' id='word_1_121' title='bbox 1184 2374 1303 2440; x_wconf 88' lang='lat' dir='ltr'>vellent</span> <span class='ocrx_word' id='word_1_122' title='bbox 1322 2379 1489 2460; x_wconf 88' lang='lat' dir='ltr'>prosequi,</span> 
     </span>
     <span class='ocr_line' id='line_1_17' title="bbox 364 2488 1489 2573; baseline -0.001 -19"><span class='ocrx_word' id='word_1_123' title='bbox 364 2491 478 2556; x_wconf 92' lang='lat' dir='ltr'>deinde</span> <span class='ocrx_word' id='word_1_124' title='bbox 507 2490 651 2554; x_wconf 82' lang='lat' dir='ltr'>celeriter</span> <span class='ocrx_word' id='word_1_125' title='bbox 674 2493 706 2553; x_wconf 93' lang='lat' dir='ltr'>et</span> <span class='ocrx_word' id='word_1_126' title='bbox 728 2489 835 2572; x_wconf 91' lang='lat' dir='ltr'>ipsum</span> <span class='ocrx_word' id='word_1_127' title='bbox 861 2489 1004 2553; x_wconf 89' lang='lat' dir='ltr'>converti</span> <span class='ocrx_word' id='word_1_128' title='bbox 1028 2507 1128 2572; x_wconf 89' lang='lat' dir='ltr'>seque</span> <span class='ocrx_word' id='word_1_129' title='bbox 1151 2490 1314 2573; x_wconf 72' lang='lat' dir='ltr'>consequi,</span> <span class='ocrx_word' id='word_1_130' title='bbox 1337 2488 1489 2554; x_wconf 82' lang='lat' dir='ltr'>Redeun-</span> 
     </span>
     <span class='ocr_line' id='line_1_18' title="bbox 362 2601 1492 2687; baseline -0.003 -17"><span class='ocrx_word' id='word_1_131' title='bbox 362 2610 411 2670; x_wconf 89' lang='lat' dir='ltr'>tes</span> <span class='ocrx_word' id='word_1_132' title='bbox 441 2610 549 2668; x_wconf 88' lang='lat' dir='ltr'>autem</span> <span class='ocrx_word' id='word_1_133' title='bbox 582 2603 717 2687; x_wconf 83' lang='lat' dir='ltr'>hoplites</span> <span class='ocrx_word' id='word_1_134' title='bbox 744 2601 977 2687; x_wconf 83' lang='lat' dir='ltr'>aggrediuntur</span> <span class='ocrx_word' id='word_1_135' title='bbox 999 2602 1115 2685; x_wconf 89' lang='lat' dir='ltr'>hostes,</span> <span class='ocrx_word' id='word_1_136' title='bbox 1139 2603 1196 2687; x_wconf 92' lang='lat' dir='ltr'>qui</span> <span class='ocrx_word' id='word_1_137' title='bbox 1220 2601 1363 2666; x_wconf 79' lang='lat' dir='ltr'>Corinthi</span> <span class='ocrx_word' id='word_1_138' title='bbox 1387 2608 1492 2687; x_wconf 87' lang='lat' dir='ltr'>erant,</span> 
     </span>
     <span class='ocr_line' id='line_1_19' title="bbox 363 2713 1490 2800; baseline -0.001 -19"><span class='ocrx_word' id='word_1_139' title='bbox 363 2720 407 2782; x_wconf 85' lang='lat' dir='ltr'>ita</span> <span class='ocrx_word' id='word_1_140' title='bbox 433 2718 517 2782; x_wconf 90' lang='lat' dir='ltr'>inter</span> <span class='ocrx_word' id='word_1_141' title='bbox 540 2736 574 2782; x_wconf 90' lang='lat' dir='ltr'>se</span> <span class='ocrx_word' id='word_1_142' title='bbox 597 2715 741 2800; x_wconf 84' lang='lat' dir='ltr'>partibus</span> <span class='ocrx_word' id='word_1_143' title='bbox 766 2713 955 2797; x_wconf 89' lang='lat' dir='ltr'>distributis,</span> <span class='ocrx_word' id='word_1_144' title='bbox 979 2719 1014 2779; x_wconf 93' lang='lat' dir='ltr'>ut</span> <span class='ocrx_word' id='word_1_145' title='bbox 1037 2714 1162 2797; x_wconf 78' lang='lat' dir='ltr'>Callias,</span> <span class='ocrx_word' id='word_1_146' title='bbox 1187 2716 1381 2799; x_wconf 91' lang='lat' dir='ltr'>hoplitarum</span> <span class='ocrx_word' id='word_1_147' title='bbox 1407 2716 1490 2800; x_wconf 88' lang='lat' dir='ltr'>dux,</span> 
     </span>
     <span class='ocr_line' id='line_1_20' title="bbox 364 2827 1488 2915; baseline -0.001 -20"><span class='ocrx_word' id='word_1_148' title='bbox 364 2851 438 2895; x_wconf 90' lang='lat' dir='ltr'>curn</span> <span class='ocrx_word' id='word_1_149' title='bbox 471 2831 570 2915; x_wconf 92' lang='lat' dir='ltr'>copiis</span> <span class='ocrx_word' id='word_1_150' title='bbox 603 2830 672 2894; x_wconf 88' lang='lat' dir='ltr'>suis</span> <span class='ocrx_word' id='word_1_151' title='bbox 703 2828 791 2893; x_wconf 88' lang='lat' dir='ltr'>haud</span> <span class='ocrx_word' id='word_1_152' title='bbox 822 2828 932 2912; x_wconf 91' lang='lat' dir='ltr'>procul</span> <span class='ocrx_word' id='word_1_153' title='bbox 957 2827 996 2892; x_wconf 87' lang='lat' dir='ltr'>ab</span> <span class='ocrx_word' id='word_1_154' title='bbox 1022 2828 1101 2893; x_wconf 84' lang='lat' dir='ltr'>urbe</span> <span class='ocrx_word' id='word_1_155' title='bbox 1125 2828 1322 2910; x_wconf 83' lang='lat' dir='ltr'>subsisteret,</span> <span class='ocrx_word' id='word_1_156' title='bbox 1345 2829 1488 2913; x_wconf 89' lang='lat' dir='ltr'>Iphicra-</span> 
     </span>
     <span class='ocr_line' id='line_1_21' title="bbox 364 2942 1491 3029; baseline -0.003 -20"><span class='ocrx_word' id='word_1_157' title='bbox 364 2950 413 3010; x_wconf 88' lang='lat' dir='ltr'>tes</span> <span class='ocrx_word' id='word_1_158' title='bbox 443 2965 517 3010; x_wconf 89' lang='lat' dir='ltr'>cum</span> <span class='ocrx_word' id='word_1_159' title='bbox 543 2944 687 3029; x_wconf 88' lang='lat' dir='ltr'>peltastis</span> <span class='ocrx_word' id='word_1_160' title='bbox 710 2944 870 3028; x_wconf 89' lang='lat' dir='ltr'>impetum</span> <span class='ocrx_word' id='word_1_161' title='bbox 894 2942 1019 3008; x_wconf 86' lang='lat' dir='ltr'>faceret.</span> <span class='ocrx_word' id='word_1_162' title='bbox 1043 2943 1112 3006; x_wconf 88' lang='lat' dir='ltr'>Iam</span> <span class='ocrx_word' id='word_1_163' title='bbox 1137 2942 1173 3006; x_wconf 89' lang='lat' dir='ltr'>fit</span> <span class='ocrx_word' id='word_1_164' title='bbox 1196 2943 1282 3028; x_wconf 90' lang='lat' dir='ltr'>quod</span> <span class='ocrx_word' id='word_1_165' title='bbox 1304 2943 1374 3008; x_wconf 91' lang='lat' dir='ltr'>fieri</span> <span class='ocrx_word' id='word_1_166' title='bbox 1398 2943 1491 3026; x_wconf 90' lang='lat' dir='ltr'>solet,</span> 
     </span>
     <span class='ocr_line' id='line_1_22' title="bbox 366 3055 1487 3144; baseline -0.003 -22"><span class='ocrx_word' id='word_1_167' title='bbox 366 3059 421 3123; x_wconf 93' lang='lat' dir='ltr'>ubi</span> <span class='ocrx_word' id='word_1_168' title='bbox 444 3059 582 3144; x_wconf 88' lang='lat' dir='ltr'>hoplitae</span> <span class='ocrx_word' id='word_1_169' title='bbox 604 3062 751 3142; x_wconf 84' lang='lat' dir='ltr'>pugnant</span> <span class='ocrx_word' id='word_1_170' title='bbox 775 3076 852 3120; x_wconf 92' lang='lat' dir='ltr'>cum</span> <span class='ocrx_word' id='word_1_171' title='bbox 876 3055 1029 3141; x_wconf 89' lang='lat' dir='ltr'>peltastis,</span> <span class='ocrx_word' id='word_1_172' title='bbox 1053 3060 1089 3120; x_wconf 90' lang='lat' dir='ltr'>ut</span> <span class='ocrx_word' id='word_1_173' title='bbox 1107 3056 1157 3120; x_wconf 89' lang='lat' dir='ltr'>illi</span> <span class='ocrx_word' id='word_1_174' title='bbox 1178 3061 1336 3121; x_wconf 91' lang='lat' dir='ltr'>conentur</span> <span class='ocrx_word' id='word_1_175' title='bbox 1354 3056 1487 3140; x_wconf 90' lang='lat' dir='ltr'>quidem</span> 
     </span>
     <span class='ocr_line' id='line_1_23' title="bbox 365 3171 1487 3258; baseline -0.002 -22"><span class='ocrx_word' id='word_1_176' title='bbox 365 3174 472 3238; x_wconf 88' lang='lat' dir='ltr'>hostes</span> <span class='ocrx_word' id='word_1_177' title='bbox 494 3173 656 3258; x_wconf 85' lang='lat' dir='ltr'>repellere,</span> <span class='ocrx_word' id='word_1_178' title='bbox 679 3172 735 3236; x_wconf 90' lang='lat' dir='ltr'>sed</span> <span class='ocrx_word' id='word_1_179' title='bbox 757 3172 848 3256; x_wconf 86' lang='lat' dir='ltr'>gravi</span> <span class='ocrx_word' id='word_1_180' title='bbox 870 3176 1035 3235; x_wconf 88' lang='lat' dir='ltr'>armatura</span> <span class='ocrx_word' id='word_1_181' title='bbox 1058 3171 1204 3255; x_wconf 91' lang='lat' dir='ltr'>impediti</span> <span class='ocrx_word' id='word_1_182' title='bbox 1224 3190 1337 3235; x_wconf 91' lang='lat' dir='ltr'>eorum</span> <span class='ocrx_word' id='word_1_183' title='bbox 1358 3171 1487 3235; x_wconf 89' lang='lat' dir='ltr'>nullum</span> 
     </span>
     <span class='ocr_line' id='line_1_24' title="bbox 366 3285 1490 3374; baseline -0.004 -22"><span class='ocrx_word' id='word_1_184' title='bbox 366 3289 519 3374; x_wconf 89' lang='lat' dir='ltr'>consequi</span> <span class='ocrx_word' id='word_1_185' title='bbox 537 3288 672 3373; x_wconf 89' lang='lat' dir='ltr'>possint,</span> <span class='ocrx_word' id='word_1_186' title='bbox 692 3287 770 3350; x_wconf 90' lang='lat' dir='ltr'>dum</span> <span class='ocrx_word' id='word_1_187' title='bbox 791 3286 855 3370; x_wconf 92' lang='lat' dir='ltr'>ipsi</span> <span class='ocrx_word' id='word_1_188' title='bbox 874 3286 992 3350; x_wconf 90' lang='lat' dir='ltr'>iterum</span> <span class='ocrx_word' id='word_1_189' title='bbox 1013 3286 1198 3369; x_wconf 90' lang='lat' dir='ltr'>iterumque</span> <span class='ocrx_word' id='word_1_190' title='bbox 1211 3285 1490 3370; x_wconf 85' lang='lat' dir='ltr'>exfugaredeun·</span> 
     </span>
     <span class='ocr_line' id='line_1_25' title="bbox 365 3397 1488 3484; baseline -0.003 -18"><span class='ocrx_word' id='word_1_191' title='bbox 365 3404 447 3466; x_wconf 91' lang='lat' dir='ltr'>tium</span> <span class='ocrx_word' id='word_1_192' title='bbox 482 3402 554 3466; x_wconf 89' lang='lat' dir='ltr'>telis</span> <span class='ocrx_word' id='word_1_193' title='bbox 585 3405 662 3465; x_wconf 89' lang='lat' dir='ltr'>sunt</span> <span class='ocrx_word' id='word_1_194' title='bbox 694 3398 834 3465; x_wconf 85' lang='lat' dir='ltr'>obnoxii.</span> <span class='ocrx_word' id='word_1_195' title='bbox 866 3397 974 3474; x_wconf 79' lang='lat' dir='ltr'>Quum</span> <span class='ocrx_word' id='word_1_196' title='bbox 999 3400 1065 3462; x_wconf 89' lang='lat' dir='ltr'>iam</span> <span class='ocrx_word' id='word_1_197' title='bbox 1090 3397 1320 3482; x_wconf 82' lang='lat' dir='ltr'>Spartanorum</span> <span class='ocrx_word' id='word_1_198' title='bbox 1346 3400 1488 3484; x_wconf 93' lang='lat' dir='ltr'>optimus</span> 
     </span>
     <span class='ocr_line' id='line_1_26' title="bbox 321 3512 1488 3600; baseline -0.001 -21"><span class='ocrx_word' id='word_1_199' title='bbox 321 3555 323 3559; x_wconf 68' lang='lat'>,</span> <span class='ocrx_word' id='word_1_200' title='bbox 367 3517 507 3600; x_wconf 93' lang='lat' dir='ltr'>quisque</span> <span class='ocrx_word' id='word_1_201' title='bbox 539 3515 714 3594; x_wconf 88' lang='lat' dir='ltr'>cecidisset,</span> <span class='ocrx_word' id='word_1_202' title='bbox 750 3513 876 3598; x_wconf 89' lang='lat' dir='ltr'>equites</span> <span class='ocrx_word' id='word_1_203' title='bbox 911 3512 968 3594; x_wconf 91' lang='lat' dir='ltr'>(illi</span> <span class='ocrx_word' id='word_1_204' title='bbox 1004 3514 1062 3596; x_wconf 92' lang='lat' dir='ltr'>qui</span> <span class='ocrx_word' id='word_1_205' title='bbox 1095 3512 1225 3596; x_wconf 83' lang='lat' dir='ltr'>longius</span> <span class='ocrx_word' id='word_1_206' title='bbox 1254 3513 1488 3594; x_wconf 86' lang='lat' dir='ltr'>Amyclaenses</span> 
     </span>
     <span class='ocr_line' id='line_1_27' title="bbox 367 3625 1490 3712; baseline -0.004 -17"><span class='ocrx_word' id='word_1_207' title='bbox 367 3636 457 3696; x_wconf 88' lang='lat' dir='ltr'>erant</span> <span class='ocrx_word' id='word_1_208' title='bbox 487 3629 640 3709; x_wconf 78' lang='lat' dir='ltr'>comitati)</span> <span class='ocrx_word' id='word_1_209' title='bbox 671 3647 706 3692; x_wconf 91' lang='lat' dir='ltr'>se</span> <span class='ocrx_word' id='word_1_210' title='bbox 734 3625 945 3712; x_wconf 90' lang='lat' dir='ltr'>popularibus</span> <span class='ocrx_word' id='word_1_211' title='bbox 976 3627 1044 3701; x_wconf 80' lang='lat' dir='ltr'>suis</span> <span class='ocrx_word' id='word_1_212' title='bbox 1069 3626 1258 3710; x_wconf 83' lang='lat' dir='ltr'>adiungunt,</span> <span class='ocrx_word' id='word_1_213' title='bbox 1281 3645 1425 3710; x_wconf 91' lang='lat' dir='ltr'>cumque</span> <span class='ocrx_word' id='word_1_214' title='bbox 1449 3628 1490 3691; x_wconf 89' lang='lat' dir='ltr'>iis</span> 
     </span>
     <span class='ocr_line' id='line_1_28' title="bbox 367 3739 1493 3830; baseline -0.007 -20"><span class='ocrx_word' id='word_1_215' title='bbox 367 3745 518 3830; x_wconf 87' lang='lat' dir='ltr'>persequi</span> <span class='ocrx_word' id='word_1_216' title='bbox 548 3747 578 3808; x_wconf 91' lang='lat' dir='ltr'>et</span> <span class='ocrx_word' id='word_1_217' title='bbox 609 3740 761 3826; x_wconf 86' lang='lat' dir='ltr'>repellere</span> <span class='ocrx_word' id='word_1_218' title='bbox 788 3740 938 3824; x_wconf 88' lang='lat' dir='ltr'>peltastas</span> <span class='ocrx_word' id='word_1_219' title='bbox 963 3739 1069 3803; x_wconf 89' lang='lat' dir='ltr'>denuo</span> <span class='ocrx_word' id='word_1_220' title='bbox 1092 3740 1277 3804; x_wconf 86' lang='lat' dir='ltr'>instituunt</span> <span class='ocrx_word' id='word_1_221' title='bbox 1302 3739 1493 3822; x_wconf 85' lang='lat' dir='ltr'>Sequuntur</span> 
     </span>
     <span class='ocr_line' id='line_1_29' title="bbox 367 3849 1492 3932; baseline -0.006 -10"><span class='ocrx_word' id='word_1_222' title='bbox 367 3859 462 3922; x_wconf 85' lang='lat' dir='ltr'>haec:</span> <span class='ocrx_word' id='word_1_223' title='bbox 493 3857 530 3927; x_wconf 77' lang='grc' dir='ltr'>ὡς</span> <span class='ocrx_word' id='word_1_224' title='bbox 562 3854 594 3918; x_wconf 79' lang='grc' dir='ltr'><strong><em>δέ</em></strong></span> <span class='ocrx_word' id='word_1_225' title='bbox 625 3851 771 3917; x_wconf 77' lang='grc' dir='ltr'><strong><em>ἐνέκλιναν</em></strong></span> <span class='ocrx_word' id='word_1_226' title='bbox 803 3851 827 3917; x_wconf 81' lang='grc' dir='ltr'>οἱ</span> <span class='ocrx_word' id='word_1_227' title='bbox 853 3851 1033 3925; x_wconf 76' lang='grc' dir='ltr'><strong><em>πελτασταί,</em></strong></span> <span class='ocrx_word' id='word_1_228' title='bbox 1056 3852 1085 3916; x_wconf 90' lang='grc' dir='ltr'>ἐν</span> <span class='ocrx_word' id='word_1_229' title='bbox 1108 3849 1200 3932; x_wconf 79' lang='grc' dir='ltr'><strong><em>τούτῳ</em></strong></span> <span class='ocrx_word' id='word_1_230' title='bbox 1223 3853 1319 3923; x_wconf 79' lang='grc' dir='ltr'><strong><em>κακῶς</em></strong></span> <span class='ocrx_word' id='word_1_231' title='bbox 1343 3851 1367 3916; x_wconf 80' lang='grc' dir='ltr'>οἱ</span> <span class='ocrx_word' id='word_1_232' title='bbox 1389 3850 1492 3924; x_wconf 64' lang='lat' dir='ltr'>lancie</span> 
     </span>
     <span class='ocr_line' id='line_1_30' title="bbox 367 3961 1495 4048; baseline -0.005 -14"><span class='ocrx_word' id='word_1_233' title='bbox 367 3968 510 4034; x_wconf 83' lang='grc' dir='ltr'><strong><em>ἐτέίεντο·</em></strong></span> <span class='ocrx_word' id='word_1_234' title='bbox 542 3969 573 4033; x_wconf 78' lang='grc' dir='ltr'>οὐ</span> <span class='ocrx_word' id='word_1_235' title='bbox 603 3967 661 4048; x_wconf 74' lang='grc' dir='ltr'><strong><em>ροίρ</em></strong></span> <span class='ocrx_word' id='word_1_236' title='bbox 684 3964 736 4039; x_wconf 78' lang='grc' dir='ltr'>ἕως</span> <span class='ocrx_word' id='word_1_237' title='bbox 758 3963 934 4030; x_wconf 79' lang='grc' dir='ltr'><strong><em>οίτέκτεινοίν</em></strong></span> <span class='ocrx_word' id='word_1_238' title='bbox 957 3988 1038 4037; x_wconf 83' lang='grc' dir='ltr'><strong><em>τινας</em></strong></span> <span class='ocrx_word' id='word_1_239' title='bbox 1060 3965 1156 4030; x_wconf 82' lang='grc' dir='ltr'><strong><em>αὐτῶν</em></strong></span> <span class='ocrx_word' id='word_1_240' title='bbox 1179 3961 1309 4039; x_wconf 77' lang='grc' dir='ltr'><strong><em>ἐδίωξαν,</em></strong></span> <span class='ocrx_word' id='word_1_241' title='bbox 1331 3962 1416 4029; x_wconf 78' lang='grc' dir='ltr'><strong><em>οίλλίι</em></strong></span> <span class='ocrx_word' id='word_1_242' title='bbox 1439 3961 1495 4038; x_wconf 78' lang='grc' dir='ltr'>ξὺν</span> 
     </span>
     <span class='ocr_line' id='line_1_31' title="bbox 365 4075 1493 4164; baseline -0.005 -16"><span class='ocrx_word' id='word_1_243' title='bbox 365 4089 424 4156; x_wconf 80' lang='grc' dir='ltr'><strong><em>τοῖς</em></strong></span> <span class='ocrx_word' id='word_1_244' title='bbox 456 4080 601 4164; x_wconf 74' lang='grc' dir='ltr'><strong><em>ἐκδρόμοις</em></strong></span> <span class='ocrx_word' id='word_1_245' title='bbox 632 4078 804 4158; x_wconf 84' lang='grc' dir='ltr'><strong><em>ίσομέτιντοι</em></strong></span> <span class='ocrx_word' id='word_1_246' title='bbox 835 4077 886 4142; x_wconf 80' lang='grc' dir='ltr'>καί</span> <span class='ocrx_word' id='word_1_247' title='bbox 916 4078 1028 4143; x_wconf 76' lang='grc' dir='ltr'><strong><em>ἐδίωκον</em></strong></span> <span class='ocrx_word' id='word_1_248' title='bbox 1059 4075 1111 4142; x_wconf 83' lang='grc' dir='ltr'>καί</span> <span class='ocrx_word' id='word_1_249' title='bbox 1134 4076 1318 4159; x_wconf 69' lang='grc' dir='ltr'><strong><em>ἐπέστρεφον.</em></strong></span> <span class='ocrx_word' id='word_1_250' title='bbox 1344 4081 1493 4152; x_wconf 78' lang='grc' dir='ltr'><strong><em>ποιοῦντες</em></strong></span> 
     </span>
     <span class='ocr_line' id='line_1_32' title="bbox 369 4185 1493 4275; baseline -0.006 -14"><span class='ocrx_word' id='word_1_251' title='bbox 369 4197 400 4262; x_wconf 75' lang='grc' dir='ltr'>δὲ</span> <span class='ocrx_word' id='word_1_252' title='bbox 435 4195 485 4260; x_wconf 78' lang='grc' dir='ltr'>καί</span> <span class='ocrx_word' id='word_1_253' title='bbox 520 4197 690 4275; x_wconf 78' lang='grc' dir='ltr'><strong><em>τοίσχοντες</em></strong></span> <span class='ocrx_word' id='word_1_254' title='bbox 722 4192 763 4258; x_wconf 76' lang='grc' dir='ltr'>τίν</span> <span class='ocrx_word' id='word_1_255' title='bbox 796 4189 882 4271; x_wconf 75' lang='grc' dir='ltr'><strong><em>ὅμοια</em></strong></span> <span class='ocrx_word' id='word_1_256' title='bbox 912 4189 1022 4262; x_wconf 78' lang='grc' dir='ltr'><strong><em>τούτοις</em></strong></span> <span class='ocrx_word' id='word_1_257' title='bbox 1051 4189 1100 4255; x_wconf 81' lang='grc' dir='ltr'>καί</span> <span class='ocrx_word' id='word_1_258' title='bbox 1131 4185 1220 4264; x_wconf 76' lang='grc' dir='ltr'><strong><em>αὖθις,</em></strong></span> <span class='ocrx_word' id='word_1_259' title='bbox 1252 4188 1337 4257; x_wconf 74' lang='grc' dir='ltr'><strong><em>αὐτοὶ</em></strong></span> <span class='ocrx_word' id='word_1_260' title='bbox 1369 4190 1423 4269; x_wconf 79' lang='grc' dir='ltr'>μὲν</span> <span class='ocrx_word' id='word_1_261' title='bbox 1447 4190 1493 4255; x_wconf 75' lang='lat' dir='ltr'>atri</span> 
     </span>
     <span class='ocr_line' id='line_1_33' title="bbox 368 4301 1498 4388; baseline -0.004 -13"><span class='ocrx_word' id='word_1_262' title='bbox 368 4308 509 4384; x_wconf 80' lang='grc' dir='ltr'><strong><em>ἐλοίττονς</em></strong></span> <span class='ocrx_word' id='word_1_263' title='bbox 539 4334 572 4376; x_wconf 86' lang='grc' dir='ltr'>τε</span> <span class='ocrx_word' id='word_1_264' title='bbox 599 4307 647 4374; x_wconf 78' lang='grc' dir='ltr'>καὶ</span> <span class='ocrx_word' id='word_1_265' title='bbox 670 4307 873 4388; x_wconf 78' lang='grc' dir='ltr'><strong><em>μαλακώτεροι</em></strong></span> <span class='ocrx_word' id='word_1_266' title='bbox 895 4304 1051 4385; x_wconf 71' lang='grc' dir='ltr'><strong><em>ἐγίγνοντο,</em></strong></span> <span class='ocrx_word' id='word_1_267' title='bbox 1075 4304 1099 4369; x_wconf 84' lang='grc' dir='ltr'>οἱ</span> <span class='ocrx_word' id='word_1_268' title='bbox 1121 4301 1152 4368; x_wconf 78' lang='grc' dir='ltr'>δὲ</span> <span class='ocrx_word' id='word_1_269' title='bbox 1177 4302 1308 4382; x_wconf 77' lang='grc' dir='ltr'><strong><em>πολέμιοι</em></strong></span> <span class='ocrx_word' id='word_1_270' title='bbox 1332 4302 1498 4388; x_wconf 78' lang='grc' dir='ltr'><strong><em>θρασύτεροί</em></strong></span> 
     </span>
    </p>
   </div>
   <div class='ocr_carea' id='block_1_5' title="bbox 0 0 1683 5262">
    <p class='ocr_par' dir='ltr' id='par_1_6' title="bbox 0 0 1683 5262">
     <span class='ocr_line' id='line_1_34' title="bbox 0 0 1683 5262; baseline 0 0"><span class='ocrx_word' id='word_1_271' title='bbox 0 0 1683 5262; x_wconf 95' lang='lat' dir='ltr'> </span> 
     </span>
    </p>
   </div>
  </div>
 </body>
</html>
