3348 5262
727 643 791 706 249

205 829 302 909 atque
335 824 542 908 Imperatoris
573 830 703 908 peccata
732 845 980 891 commemorare
1011 846 1076 890 non
1098 830 1329 911 praetermisit:

206 943 243 1002 ut
277 958 380 1002 unum
416 939 455 1002 de
490 937 600 1003 multis
635 941 799 1024 attingam,
831 940 893 1003 vid.
927 939 1014 1005 Ἔνιοι.
1038 939 1073 1004 L.
1087 961 1115 1004 v.
1128 962 1157 1025 p.
1183 935 1257 1025 333,
1281 943 1333 1024 29,

211 1071 360 1136 quaeque
382 1052 449 1117 illic
473 1058 656 1137 sequuntur
679 1057 710 1118 et
733 1074 763 1138 p.
788 1053 884 1118 334.”

253 1164 292 1227 ad
315 1162 399 1229 Xon.
423 1163 553 1228 Memor.
577 1165 635 1228 III.
662 1167 690 1243 3,
713 1173 752 1228 4:
780 1166 928 1250 „eadem,
948 1167 1055 1232 verbis
1075 1173 1182 1233 tamen
1196 1169 1332 1235 diversis

205 1299 295 1362 usus,
319 1278 490 1343 tradiderat
513 1278 551 1341 K.
564 1278 605 1341 H.
618 1278 642 1342 Ι.
655 1300 684 1363 p.
700 1279 751 1362 19,
775 1280 990 1364 legunturque
1009 1281 1085 1345 talia
1101 1284 1135 1345 in
1157 1283 1207 1346 his
1220 1280 1331 1347 Socra·

206 1393 279 1456 ticis
312 1391 408 1475 longe
438 1391 584 1475 plurima,
614 1411 724 1456 corum
758 1393 884 1475 similia,
909 1412 991 1476 quac
1012 1398 1157 1477 prostant
1179 1396 1214 1458 in
1237 1393 1276 1458 Κ.
1289 1395 1331 1458 Π.

206 1523 266 1568 nec
290 1508 393 1568 tamen
418 1504 530 1569 iisdem
558 1504 662 1568 verbis
686 1511 822 1569 narrata.
844 1505 887 1570 Et
910 1505 1113 1572 crederemus
1133 1506 1332 1592 Xenophon·

205 1625 270 1683 tem
294 1639 354 1682 sua
372 1619 484 1701 ipsine,
506 1637 588 1701 quae
601 1617 729 1682 dederat
741 1619 775 1682 in
788 1617 872 1682 Hist.
885 1618 1017 1702 Graeca,
1030 1625 1166 1683 centena
1178 1622 1332 1684 continua

206 1734 240 1795 in
272 1731 415 1815 Agesilai
445 1732 590 1795 encomio
621 1732 902 1816 transscripsisse?
926 1733 994 1796 Aut
1017 1734 1207 1817 Apologiam
1232 1735 1332 1818 scrip·

206 1847 287 1910 sisse
310 1844 458 1926 Socratis,
478 1847 511 1908 in
537 1865 601 1929 qua
621 1845 701 1909 nihil
722 1846 859 1910 alicuius
871 1848 1057 1911 inveniatur
1068 1849 1230 1930 momenti,
1244 1847 1331 1930 quod
1350 1923 1352 1927 Ι

207 1979 272 2024 non
295 1960 421 2044 legatur
443 1960 477 2021 in
501 1958 551 2022 his
574 1958 856 2024 commentariis?”

252 2072 353 2136 Vides
386 2072 664 2154 Valckenaen'um,
696 2089 893 2156 quamquam
917 2078 1106 2157 argumente
1129 2074 1241 2138 afferre
1265 2093 1332 2138 non

208 2207 339 2271 prorsus
363 2187 549 2271 neglexerit,
573 2191 680 2250 tamen
704 2191 740 2250 ut
763 2187 951 2270 Agesilaum
975 2186 1184 2271 Xenophonti
1207 2187 1332 2251 abiudi-
1357 2257 1368 2264 st

208 2305 293 2366 caret
317 2301 502 2384 praesertim
527 2318 626 2364 sensu
650 2300 787 2383 quodam
812 2300 986 2364 adductum
1007 2319 1085 2365 esse.
1107 2300 1264 2364 Credibile
1284 2307 1332 2365 cst

208 2415 313 2478 virum
334 2415 496 2498 egregium
518 2432 612 2477 aures
633 2414 846 2496 consuluisse,
866 2418 898 2478 et
916 2413 1103 2498 Agesilaum
1118 2434 1219 2498 quum
1234 2414 1332 2478 semel

207 2527 291 2591 clara
325 2546 404 2591 voce
436 2528 601 2591 recitasset
630 2525 787 2590 audiuisse
811 2546 875 2590 non
898 2524 1148 2609 Xenophontem
1172 2546 1250 2610 esse,
1274 2529 1332 2611 qui

207 2642 254 2705 sic
287 2640 482 2724 loqueretur.
514 2638 636 2716 Quodsi
669 2641 741 2724 quis
774 2659 825 2703 me
848 2644 938 2723 roget
961 2659 978 2703 e
1002 2639 1120 2723 quibus
1144 2641 1330 2723 praesertim
1421 2707 1422 2710 ,

206 2755 286 2819 locis
321 2760 353 2819 et
386 2756 455 2838 ipse
489 2753 624 2818 efficiam
657 2760 689 2818 et
717 2754 986 2819 Valckenaerium
1020 2755 1162 2819 effecisse
1196 2755 1332 2837 credam,

208 2869 351 2952 Agesilai
374 2869 559 2951 scriptorem
584 2869 736 2931 orationis
760 2886 863 2951 genus
887 2866 1071 2930 adhibuisse
1095 2888 1113 2931 a
1135 2865 1333 2950 Xenophon·

207 2989 258 3048 teo
278 2982 543 3064 diversissimum,
562 2981 649 3045 haud
669 2982 724 3046 diu
746 2982 823 3044 mihi
844 2982 886 3045 sit
907 2981 1134 3065 quaerendum.
1147 2980 1232 3045 Satis
1244 2982 1329 3045 enim

208 3098 311 3161 estin
335 3095 486 3179 Agesilao
512 3096 742 3159 sententiarum
766 3091 811 3158 ita
834 3092 1114 3175 conformatarum,
1138 3099 1175 3157 ut
1198 3095 1331 3178 scripto-

207 3228 274 3273 rem
299 3211 332 3272 in
356 3208 465 3273 schola
489 3208 624 3292 quadam
648 3207 808 3272 Isocratca
828 3208 990 3272 eruditum
1011 3226 1082 3272 esse
1100 3206 1192 3272 facile
1211 3209 1332 3291 perspi-

207 3325 280 3387 cias.
315 3321 444 3386 Habent
478 3323 562 3384 enim
596 3321 669 3384 illae
700 3340 770 3385 eam
800 3317 953 3384 ἀντιθέτων
985 3320 1252 3404 aequabilitatem,
1278 3340 1333 3384 cos

208 3455 359 3501 numeros
395 3437 558 3517 oratorios,
592 3441 630 3498 nt
662 3454 728 3498 non
759 3440 825 3499 tam
856 3454 898 3500 ex
930 3434 1068 3499 hominis
1090 3435 1253 3518 loquentis
1279 3453 1333 3498 ore

207 3569 317 3614 vocem
342 3549 552 3633 prodeuntem
576 3548 687 3612 audire
706 3547 765 3611 tibi
784 3549 922 3613 videaris
943 3569 1039 3633 quam
1061 3567 1156 3612 sonos
1169 3567 1211 3611 ex
1224 3547 1332 3631 aliquo

208 3665 421 3727 instrumento
453 3663 547 3726 certis
578 3667 758 3746 temporum
790 3664 968 3727 intervallis
998 3665 1141 3727 emissos.
1165 3660 1261 3724 Iuvat
1283 3662 1332 3723 in·

209 3779 350 3862 signiora
374 3777 531 3860 quaedam
555 3777 607 3839 hic
629 3796 788 3860 apponere
812 3777 975 3861 exempla:

252 3890 326 3972 Vll,
350 3892 378 3954 3.
413 3888 575 3969 theudemiro
605 3887 661 3965 μὲν
691 3887 748 3968 γάρ
772 3886 822 3952 ἐπὶ
848 3895 908 3961 τοῖς
936 3887 1161 3968 ἁμαρτήμασιν,
1187 3887 1277 3964 ἐτίμα
1301 3887 1332 3951 δὲ

208 4000 235 4068 εἴ
265 4026 292 4066 τι
327 4000 417 4066 καλὸν
447 4000 608 4077 πράττοιεν,
641 4001 805 4082 παρίστατο
829 4001 861 4065 δὲ
883 3998 977 4072 εἴτις
999 3999 1141 4080 συμφορά
1162 3998 1330 4077 συμβαίνοι,

208 4117 308 4197 ἐχθρὸν
331 4119 386 4193 μὲν
409 4114 511 4180 οὐδένα
534 4113 692 4192 ἡγούμενος
715 4114 846 4187 πολίτην,
871 4114 998 4178 ἐπαινεῖν
1025 4113 1056 4177 δὲ
1078 4113 1196 4186 πάντας
1219 4111 1331 4186 ἐθέλων,

207 4229 348 4310 σώζεσθαι
382 4226 418 4302 δὲ,
447 4227 565 4299 πάντας
600 4225 696 4308 κέρδος
727 4225 858 4307 νομίζων,
890 4226 1000 4306 ζημίαν
1033 4226 1064 4290 δὲ
1087 4224 1174 4298 attala
1196 4225 1220 4289 εἰ
1243 4224 1295 4289 καὶ
1319 4226 1332 4290 ὁ

209 4347 310 4424 μικροῦ
335 4338 414 4416 άξιος
437 4339 585 4405 άπόλοιτο.
