3348 5262
790 611 855 676 aro
981 693 983 696 ¹

260 799 435 883 ablegando
447 801 554 882 regiae
565 798 711 882 dignitati
723 803 755 862 et
767 797 896 882 Spartae
909 797 1165 862 commodobene
1175 799 1384 862 consuluisse.

305 913 517 977 Historicisne
541 913 737 996 argumentis
761 911 1020 976 adnumerandae
1037 913 1102 976 sint
1120 912 1319 976 narrationes
1333 911 1387 976 ob-

261 1027 473 1108 scurissimae,
507 1025 563 1088 ubi
586 1025 664 1108 quid
687 1024 817 1087 taudem
842 1028 970 1107 gestum
996 1025 1093 1088 sitin
1119 1023 1259 1088 tenebris
1284 1025 1389 1105 lateat,

262 1141 378 1202 nescio.
409 1137 462 1201 ΕΚ
492 1157 529 1202 eo
561 1156 678 1222 genere
710 1141 816 1202 autem
841 1138 998 1220 estquod
1023 1156 1048 1200 c.
1071 1137 1097 1220 t,
1123 1139 1163 1200 18
1186 1138 1324 1221 legimus
1348 1138 1386 1201 de

261 1253 396 1336 praedae
421 1251 611 1328 venditione,
635 1251 693 1334 qui
715 1251 806 1314 locus
832 1255 867 1314 ut
891 1250 1028 1334 intelligi
1051 1251 1141 1314 nullo
1164 1251 1259 1314 modo
1280 1253 1389 1334 possit,

263 1386 329 1429 nou
351 1371 416 1429 tam
439 1384 476 1429 eo
498 1365 617 1428 factum
642 1382 712 1428 esse
735 1363 830 1428 credo
855 1364 940 1447 quod
962 1364 1109 1427 laudator
1128 1363 1289 1428 scribendi
1308 1369 1391 1428 esset

264 1480 441 1564 imperitus,
477 1478 532 1542 sed
570 1478 657 1560 quod
694 1497 768 1560 rena,
803 1477 842 1541 de
877 1497 942 1560 qua
975 1482 1129 1560 narraret,
1159 1497 1292 1562 prorsus
1326 1497 1391 1541 non

264 1592 464 1676 intelligeret.

310 1704 392 1798 Fieri
424 1709 530 1768 autem
562 1722 655 1787 posse
688 1708 723 1767 ut
748 1703 865 1768 dictum
890 1723 1020 1788 quoque
1045 1703 1217 1769 obscurum
1242 1705 1282 1769 ad
1305 1706 1392 1769 idem

266 1837 370 1902 genus
401 1817 602 1901 referendum
635 1819 676 1881 sit
707 1837 796 1881 nuno
828 1817 1059 1882 demonstrabo.
1082 1817 1235 1902 Legimus
1260 1837 1285 1882 c.
1308 1818 1349 1901 V,
1374 1822 1394 1881 5

268 1949 458 2014 responsum
491 1930 651 2014 quoddam
682 1931 834 2014 Agesilai,
865 1932 959 1994 cuius
989 1932 1090 1994 maior
1119 1951 1193 2015 pars
1220 1929 1400 2016 (μόχεσόοοό

269 2067 306 2122 γε
341 2079 382 2091 -
409 2048 509 2124 χρυσοῖ
539 2041 692 2128 peltata>
728 2049 796 2107 atra
827 2049 920 2108 nocte
944 2044 1109 2109 obscurior
1131 2051 1186 2110 est.
1209 2045 1294 2109 lllud
1318 2065 1395 2130 ergo

269 2177 335 2220 non
367 2159 412 2220 ita
442 2156 537 2220 scribi
568 2157 711 2240 potuisse
734 2156 773 2219 ab
799 2176 845 2239 ec,
869 2158 925 2240 qui
950 2163 1006 2221 aut
1029 2178 1131 2241 quum
1155 2158 1285 2223 daretur
1307 2159 1399 2223 ades·

271 2275 327 2353 set,
358 2275 414 2333 aut
444 2271 557 2333 saltem
587 2269 730 2353 Agesilai
763 2275 901 2333 mentem
925 2272 1198 2355 cogitationesque
1221 2271 1303 2336 bene
1326 2291 1400 2356 per-

274 2384 416 2466 spiceret,
438 2401 495 2466 pro
520 2386 605 2445 certo
628 2382 708 2445 mihi
731 2387 863 2445 constat.

317 2495 431 2579 Neque
454 2495 558 2559 solum
582 2494 767 2575 Helleniois,
790 2515 874 2579 quae
897 2496 1056 2580 describit,
1079 2498 1227 2561 laudator
1252 2497 1401 2582 obloqui·

273 2613 334 2691 tur,
355 2609 411 2673 sed
431 2611 525 2672 etiam
545 2608 615 2672 ahis
634 2607 858 2691 Xenophontis
872 2611 1005 2693 scriptis.
1019 2609 1110 2675 Certe
1121 2630 1194 2674 cum
1209 2613 1402 2689 narratione,

274 2743 371 2808 quam
395 2723 532 2806 legimus
556 2721 669 2805 Oyrop.
692 2721 766 2804 VH,
791 2723 819 2804 5,
840 2723 880 2785 37
896 2743 974 2807 sqq,
995 2724 1157 2787 conciliari
1176 2745 1242 2788 non
1261 2731 1402 2809 possunt

273 2837 449 2900 laudatoris
467 2834 566 2899 verba
584 2833 653 2916 (IX,
675 2836 722 2916 2):
743 2833 756 2896 ό
776 2831 830 2910 μὲν
852 2835 1034 2916 (Persarum
1054 2836 1137 2921 Rex)
1156 2838 1196 2917 σῷ
1208 2837 1401 2918 δυσπρόσοδος

274 2943 344 3013 εἶνοοο
377 2946 556 3025 ἐσεμνύνετο.
593 2948 658 3011 Hic
691 2950 777 3012 enim
811 2948 844 3012 τό
878 2948 1026 3025 βασιλέως
1061 2948 1252 3031 δυσπρόσοδον
1286 2954 1404 3016 acriter

276 3064 528 3148 reprehenditur,
557 3063 623 3126 illio
655 3063 899 3146 demonstratur,
930 3069 976 3127 tot
1006 3065 1175 3129 hominum
1202 3086 1309 3151 regem
1333 3087 1403 3131 nou

276 3197 370 3261 posse
399 3173 567 3256 εὐπρόσοδον
598 3169 677 3248 εἷνοον,
709 3176 924 3261 laudaturque
952 3176 1403 3263 Cyrus,qucdlepidoa1ti-

277 3290 350 3354 ficio
391 3290 528 3354 offecerit
570 3295 606 3353 ut
639 3286 681 3353 ότι
717 3286 822 3362 datura
858 3287 894 3354 όον
928 3288 1088 3371 ε’πνφόόνως
1124 3289 1246 3364 σποόννός
1279 3317 1313 3356 σε
1349 3291 1403 3357 καὶ

277 3403 383 3481 σεμνός
406 3401 525 3483 Φοννείν.

308 3959 426 4025 ·Vides
460 3979 544 4044 ergo,
577 3962 684 4043 lector,
718 3961 943 4026 historicorum
979 3970 1251 4048 argumentorum,
1284 3965 1404 4050 quibus

283 4078 431 4157 appareat
464 4093 528 4136 non
563 4094 581 4137 a
615 4073 829 4158 Xenophonte
863 4077 1045 4139 encomium
1075 4078 1216 4161 Agesilai
1247 4081 1404 4163 scriptum

284 4204 363 4267 esse,
399 4207 545 4270 magnam
580 4192 706 4251 exstare
741 4189 874 4271 copiam.
911 4186 1000 4264 Quae
1035 4184 1182 4273 quamvis
1216 4195 1404 4276 gravissima

286 4300 464 4383 videantur,
486 4305 593 4364 tamen
616 4322 681 4366 non
704 4302 798 4366 eredo
821 4321 896 4386 prae
919 4304 959 4366 iis
983 4304 1174 4388 negligenda
1196 4325 1265 4371 esse
1288 4308 1409 4372 indicia
