<?xml version="1.0" encoding="UTF-8"?>
<!DOCTYPE html PUBLIC "-//W3C//DTD XHTML 1.0 Transitional//EN"
    "http://www.w3.org/TR/xhtml1/DTD/xhtml1-transitional.dtd">
<html xmlns="http://www.w3.org/1999/xhtml" xml:lang="en" lang="en">
 <head>
  <title>
</title>
<meta http-equiv="Content-Type" content="text/html;charset=utf-8" />
  <meta name='ocr-system' content='tesseract 3.04.00' />
  <meta name='ocr-capabilities' content='ocr_page ocr_carea ocr_par ocr_line ocrx_word'/>
</head>
<body>
  <div class='ocr_page' id='page_1' title='image "./analectaxenopho00hartgoog_0242.png"; bbox 0 0 3348 5262; ppageno 0'>
   <div class='ocr_carea' id='block_1_1' title="bbox 711 663 774 726">
    <p class='ocr_par' dir='ltr' id='par_1_1' title="bbox 711 663 774 726">
     <span class='ocr_line' id='line_1_1' title="bbox 711 663 774 726; baseline -0.016 0"><span class='ocrx_word' id='word_1_1' title='bbox 711 663 774 726; x_wconf 77' lang='lat'>227</span> 
     </span>
    </p>
   </div>
   <div class='ocr_carea' id='block_1_2' title="bbox 82 821 1304 2634">
    <p class='ocr_par' dir='ltr' id='par_1_2' title="bbox 82 821 1304 2634">
     <span class='ocr_line' id='line_1_2' title="bbox 82 821 1302 930; baseline 0.002 -20"><span class='ocrx_word' id='word_1_2' title='bbox 82 872 87 882; x_wconf 89' lang='lat'>·</span> <span class='ocrx_word' id='word_1_3' title='bbox 180 821 278 930; x_wconf 76' lang='lat' dir='ltr'>posse</span> <span class='ocrx_word' id='word_1_4' title='bbox 297 852 342 930; x_wconf 91' lang='lat' dir='ltr'>ut,</span> <span class='ocrx_word' id='word_1_5' title='bbox 366 848 424 930; x_wconf 82' lang='lat' dir='ltr'>qui·</span> <span class='ocrx_word' id='word_1_6' title='bbox 446 867 464 910; x_wconf 97' lang='lat' dir='ltr'>a</span> <span class='ocrx_word' id='word_1_7' title='bbox 487 845 630 910; x_wconf 83' lang='lat' dir='ltr'>Platonis</span> <span class='ocrx_word' id='word_1_8' title='bbox 653 847 789 910; x_wconf 88' lang='lat' dir='ltr'>lectione</span> <span class='ocrx_word' id='word_1_9' title='bbox 811 865 922 911; x_wconf 88' lang='lat' dir='ltr'>recens</span> <span class='ocrx_word' id='word_1_10' title='bbox 944 849 979 910; x_wconf 90' lang='lat' dir='ltr'>in</span> <span class='ocrx_word' id='word_1_11' title='bbox 999 848 1086 911; x_wconf 92' lang='lat' dir='ltr'>hunc</span> <span class='ocrx_word' id='word_1_12' title='bbox 1104 848 1210 912; x_wconf 90' lang='lat' dir='ltr'>locum</span> <span class='ocrx_word' id='word_1_13' title='bbox 1223 849 1302 912; x_wconf 88' lang='lat' dir='ltr'>inci·</span> 
     </span>
     <span class='ocr_line' id='line_1_3' title="bbox 182 959 1302 1044; baseline 0.001 -21"><span class='ocrx_word' id='word_1_14' title='bbox 182 959 244 1042; x_wconf 91' lang='lat' dir='ltr'>dat,</span> <span class='ocrx_word' id='word_1_15' title='bbox 278 961 340 1025; x_wconf 91' lang='lat' dir='ltr'>sibi</span> <span class='ocrx_word' id='word_1_16' title='bbox 372 961 569 1044; x_wconf 91' lang='lat' dir='ltr'>persuadeat,</span> <span class='ocrx_word' id='word_1_17' title='bbox 602 979 639 1024; x_wconf 90' lang='lat' dir='ltr'>eo</span> <span class='ocrx_word' id='word_1_18' title='bbox 676 961 716 1023; x_wconf 92' lang='lat' dir='ltr'>ad</span> <span class='ocrx_word' id='word_1_19' title='bbox 747 960 950 1025; x_wconf 89' lang='lat' dir='ltr'>Platonicum</span> <span class='ocrx_word' id='word_1_20' title='bbox 981 960 1172 1025; x_wconf 76' lang='lat' dir='ltr'>Conuiuium</span> <span class='ocrx_word' id='word_1_21' title='bbox 1195 961 1302 1025; x_wconf 93' lang='lat' dir='ltr'>alludi.</span> 
     </span>
     <span class='ocr_line' id='line_1_4' title="bbox 181 1071 1304 1158; baseline 0.001 -23"><span class='ocrx_word' id='word_1_22' title='bbox 181 1071 308 1136; x_wconf 80' lang='lat' dir='ltr'><strong>Etenim</strong></span> <span class='ocrx_word' id='word_1_23' title='bbox 333 1074 419 1156; x_wconf 93' lang='lat' dir='ltr'>quod</span> <span class='ocrx_word' id='word_1_24' title='bbox 441 1073 620 1136; x_wconf 81' lang='lat' dir='ltr'>Pausaniae</span> <span class='ocrx_word' id='word_1_25' title='bbox 643 1073 741 1136; x_wconf 92' lang='lat' dir='ltr'>verba</span> <span class='ocrx_word' id='word_1_26' title='bbox 763 1075 808 1137; x_wconf 90' lang='lat' dir='ltr'>ita</span> <span class='ocrx_word' id='word_1_27' title='bbox 828 1074 1012 1158; x_wconf 87' lang='lat' dir='ltr'>afferuntur,</span> <span class='ocrx_word' id='word_1_28' title='bbox 1033 1080 1069 1138; x_wconf 93' lang='lat' dir='ltr'>ut</span> <span class='ocrx_word' id='word_1_29' title='bbox 1089 1077 1158 1138; x_wconf 92' lang='lat' dir='ltr'>eius</span> <span class='ocrx_word' id='word_1_30' title='bbox 1170 1077 1304 1157; x_wconf 92' lang='lat' dir='ltr'>nomini,</span> 
     </span>
     <span class='ocr_line' id='line_1_5' title="bbox 181 1187 1303 1271; baseline 0.004 -23"><span class='ocrx_word' id='word_1_31' title='bbox 181 1205 223 1250; x_wconf 89' lang='lat' dir='ltr'>ne</span> <span class='ocrx_word' id='word_1_32' title='bbox 247 1189 319 1270; x_wconf 91' lang='lat' dir='ltr'>quis</span> <span class='ocrx_word' id='word_1_33' title='bbox 343 1187 474 1269; x_wconf 88' lang='lat' dir='ltr'>dubitet,</span> <span class='ocrx_word' id='word_1_34' title='bbox 498 1187 537 1251; x_wconf 91' lang='lat' dir='ltr'>de</span> <span class='ocrx_word' id='word_1_35' title='bbox 561 1206 624 1270; x_wconf 94' lang='lat' dir='ltr'>quo</span> <span class='ocrx_word' id='word_1_36' title='bbox 647 1187 808 1252; x_wconf 88' lang='lat' dir='ltr'>Pausania</span> <span class='ocrx_word' id='word_1_37' title='bbox 831 1208 934 1252; x_wconf 91' lang='lat' dir='ltr'>sermo</span> <span class='ocrx_word' id='word_1_38' title='bbox 957 1189 1007 1271; x_wconf 92' lang='lat' dir='ltr'>sit,</span> <span class='ocrx_word' id='word_1_39' title='bbox 1028 1189 1187 1253; x_wconf 80' lang='lat' dir='ltr'>addantur</span> <span class='ocrx_word' id='word_1_40' title='bbox 1208 1189 1303 1252; x_wconf 86' lang='lat' dir='ltr'>verba</span> 
     </span>
     <span class='ocr_line' id='line_1_6' title="bbox 184 1297 1302 1386; baseline 0.002 -24"><span class='ocrx_word' id='word_1_41' title='bbox 184 1297 224 1380; x_wconf 82' lang='lat'>„0‘</span> <span class='ocrx_word' id='word_1_42' title='bbox 247 1298 412 1376; x_wconf 65' lang='grc' dir='ltr'>Ἀγάθωνος</span> <span class='ocrx_word' id='word_1_43' title='bbox 435 1303 486 1363; x_wconf 81' lang='grc' dir='ltr'>τοῦ</span> <span class='ocrx_word' id='word_1_44' title='bbox 509 1303 626 1372; x_wconf 75' lang='grc' dir='ltr'>ποιητοῦ</span> <span class='ocrx_word' id='word_1_45' title='bbox 648 1299 804 1380; x_wconf 76' lang='grc' dir='ltr'>ἐοαοτής”,</span> <span class='ocrx_word' id='word_1_46' title='bbox 827 1303 929 1385; x_wconf 84' lang='lat' dir='ltr'>primo</span> <span class='ocrx_word' id='word_1_47' title='bbox 950 1307 1081 1386; x_wconf 86' lang='lat' dir='ltr'>aspectu</span> <span class='ocrx_word' id='word_1_48' title='bbox 1099 1302 1170 1366; x_wconf 86' lang='lat' dir='ltr'>ideo</span> <span class='ocrx_word' id='word_1_49' title='bbox 1181 1301 1302 1366; x_wconf 90' lang='lat' dir='ltr'>factum</span> 
     </span>
     <span class='ocr_line' id='line_1_7' title="bbox 181 1412 1302 1499; baseline 0.004 -25"><span class='ocrx_word' id='word_1_50' title='bbox 181 1412 316 1494; x_wconf 86' lang='lat' dir='ltr'>videtur,</span> <span class='ocrx_word' id='word_1_51' title='bbox 339 1418 375 1476; x_wconf 94' lang='lat' dir='ltr'>ut</span> <span class='ocrx_word' id='word_1_52' title='bbox 398 1418 547 1497; x_wconf 80' lang='lat' dir='ltr'>appareat</span> <span class='ocrx_word' id='word_1_53' title='bbox 567 1415 752 1497; x_wconf 88' lang='lat' dir='ltr'>scriptorem</span> <span class='ocrx_word' id='word_1_54' title='bbox 775 1415 815 1478; x_wconf 93' lang='lat' dir='ltr'>ad</span> <span class='ocrx_word' id='word_1_55' title='bbox 833 1414 976 1479; x_wconf 91' lang='lat' dir='ltr'>Platonis</span> <span class='ocrx_word' id='word_1_56' title='bbox 988 1412 1107 1478; x_wconf 76' lang='lat' dir='ltr'>lib&#39;rum</span> <span class='ocrx_word' id='word_1_57' title='bbox 1120 1434 1302 1499; x_wconf 85' lang='lat' dir='ltr'>provocare.</span> 
     </span>
     <span class='ocr_line' id='line_1_8' title="bbox 180 1523 1302 1613; baseline 0.002 -23"><span class='ocrx_word' id='word_1_58' title='bbox 180 1523 294 1610; x_wconf 84' lang='lat' dir='ltr'>Neque</span> <span class='ocrx_word' id='word_1_59' title='bbox 316 1527 499 1590; x_wconf 89' lang='lat' dir='ltr'>mirandum</span> <span class='ocrx_word' id='word_1_60' title='bbox 522 1532 614 1609; x_wconf 87' lang='lat' dir='ltr'>esset,</span> <span class='ocrx_word' id='word_1_61' title='bbox 634 1529 662 1591; x_wconf 93' lang='lat' dir='ltr'>si</span> <span class='ocrx_word' id='word_1_62' title='bbox 681 1529 784 1593; x_wconf 93' lang='lat' dir='ltr'>nostri</span> <span class='ocrx_word' id='word_1_63' title='bbox 803 1530 954 1613; x_wconf 90' lang='lat' dir='ltr'>temporis</span> <span class='ocrx_word' id='word_1_64' title='bbox 974 1529 1141 1592; x_wconf 92' lang='lat' dir='ltr'>hominum</span> <span class='ocrx_word' id='word_1_65' title='bbox 1152 1529 1302 1612; x_wconf 89' lang='lat' dir='ltr'>permulti</span> 
     </span>
     <span class='ocr_line' id='line_1_9' title="bbox 180 1638 1301 1726; baseline 0.003 -23"><span class='ocrx_word' id='word_1_66' title='bbox 180 1640 267 1704; x_wconf 80' lang='lat' dir='ltr'>istud</span> <span class='ocrx_word' id='word_1_67' title='bbox 297 1639 468 1712; x_wconf 75' lang='grc' dir='ltr'><strong><em>Παυσανίας</em></strong></span> <span class='ocrx_word' id='word_1_68' title='bbox 499 1641 512 1704; x_wconf 83' lang='grc' dir='ltr'>ὁ</span> <span class='ocrx_word' id='word_1_69' title='bbox 541 1638 710 1717; x_wconf 70' lang='grc' dir='ltr'>Ἀγάθωνος</span> <span class='ocrx_word' id='word_1_70' title='bbox 733 1645 784 1705; x_wconf 82' lang='grc' dir='ltr'>τοῦ</span> <span class='ocrx_word' id='word_1_71' title='bbox 808 1645 926 1715; x_wconf 71' lang='grc' dir='ltr'><em>ποιητοῦ</em></span> <span class='ocrx_word' id='word_1_72' title='bbox 948 1642 1071 1722; x_wconf 75' lang='grc' dir='ltr'><strong><em>ἐραστής</em></strong></span> <span class='ocrx_word' id='word_1_73' title='bbox 1095 1644 1140 1706; x_wconf 88' lang='lat' dir='ltr'>ita</span> <span class='ocrx_word' id='word_1_74' title='bbox 1163 1643 1301 1726; x_wconf 87' lang='lat' dir='ltr'>explica-</span> 
     </span>
     <span class='ocr_line' id='line_1_10' title="bbox 179 1755 1301 1840; baseline 0.004 -23"><span class='ocrx_word' id='word_1_75' title='bbox 179 1759 258 1836; x_wconf 90' lang='lat' dir='ltr'>rent,</span> <span class='ocrx_word' id='word_1_76' title='bbox 296 1755 388 1838; x_wconf 84' lang='lat' dir='ltr'>quasi</span> <span class='ocrx_word' id='word_1_77' title='bbox 420 1755 480 1819; x_wconf 93' lang='lat' dir='ltr'>hoc</span> <span class='ocrx_word' id='word_1_78' title='bbox 515 1755 650 1820; x_wconf 82' lang='lat' dir='ltr'>dixisset</span> <span class='ocrx_word' id='word_1_79' title='bbox 683 1755 882 1840; x_wconf 88' lang='lat' dir='ltr'>Xenophon:</span> <span class='ocrx_word' id='word_1_80' title='bbox 919 1804 934 1837; x_wconf 96' lang='lat'>„</span> <span class='ocrx_word' id='word_1_81' title='bbox 945 1755 1130 1834; x_wconf 87' lang='lat' dir='ltr'>Pausanias,</span> <span class='ocrx_word' id='word_1_82' title='bbox 1155 1776 1251 1840; x_wconf 91' lang='lat' dir='ltr'>quem</span> <span class='ocrx_word' id='word_1_83' title='bbox 1284 1775 1301 1820; x_wconf 90' lang='lat' dir='ltr'>e</span> 
     </span>
     <span class='ocr_line' id='line_1_11' title="bbox 180 1866 1300 1953; baseline 0.001 -22"><span class='ocrx_word' id='word_1_84' title='bbox 180 1866 323 1932; x_wconf 83' lang='lat' dir='ltr'>Platonis</span> <span class='ocrx_word' id='word_1_85' title='bbox 348 1867 501 1932; x_wconf 80' lang='lat' dir='ltr'>Convivia</span> <span class='ocrx_word' id='word_1_86' title='bbox 524 1875 644 1932; x_wconf 91' lang='lat' dir='ltr'>norunt</span> <span class='ocrx_word' id='word_1_87' title='bbox 668 1869 808 1933; x_wconf 91' lang='lat' dir='ltr'>omnes’&#39;.</span> <span class='ocrx_word' id='word_1_88' title='bbox 831 1869 895 1932; x_wconf 91' lang='lat' dir='ltr'>Hic</span> <span class='ocrx_word' id='word_1_89' title='bbox 913 1873 1020 1934; x_wconf 91' lang='lat' dir='ltr'>tamen</span> <span class='ocrx_word' id='word_1_90' title='bbox 1040 1871 1181 1953; x_wconf 91' lang='lat' dir='ltr'>primum</span> <span class='ocrx_word' id='word_1_91' title='bbox 1194 1869 1300 1933; x_wconf 89' lang='lat' dir='ltr'>obser-</span> 
     </span>
     <span class='ocr_line' id='line_1_12' title="bbox 179 1982 1301 2068; baseline 0.001 -22"><span class='ocrx_word' id='word_1_92' title='bbox 179 1982 321 2047; x_wconf 81' lang='lat' dir='ltr'>vandum</span> <span class='ocrx_word' id='word_1_93' title='bbox 352 1990 408 2065; x_wconf 87' lang='lat' dir='ltr'>ost,</span> <span class='ocrx_word' id='word_1_94' title='bbox 439 1984 640 2068; x_wconf 84' lang='lat' dir='ltr'>Agathonem</span> <span class='ocrx_word' id='word_1_95' title='bbox 670 1984 857 2068; x_wconf 88' lang='lat' dir='ltr'>aequalibus</span> <span class='ocrx_word' id='word_1_96' title='bbox 881 1985 949 2048; x_wconf 90' lang='lat' dir='ltr'>suis</span> <span class='ocrx_word' id='word_1_97' title='bbox 972 1985 1177 2048; x_wconf 91' lang='lat' dir='ltr'>notissimum</span> <span class='ocrx_word' id='word_1_98' title='bbox 1200 1984 1301 2048; x_wconf 87' lang='lat' dir='ltr'>fuisse</span> 
     </span>
     <span class='ocr_line' id='line_1_13' title="bbox 180 2097 1301 2181; baseline -0.001 -22"><span class='ocrx_word' id='word_1_99' title='bbox 180 2098 337 2181; x_wconf 84' lang='lat' dir='ltr'>tragicum</span> <span class='ocrx_word' id='word_1_100' title='bbox 355 2105 498 2180; x_wconf 79' lang='lat' dir='ltr'>poetam3</span> <span class='ocrx_word' id='word_1_101' title='bbox 519 2099 662 2180; x_wconf 91' lang='lat' dir='ltr'>satisque</span> <span class='ocrx_word' id='word_1_102' title='bbox 681 2097 1045 2180; x_wconf 81' lang='lat' dir='ltr'>ePhesmophoriaausis</span> <span class='ocrx_word' id='word_1_103' title='bbox 1057 2097 1301 2181; x_wconf 83' lang='lat' dir='ltr'>Aristophaneis</span> 
     </span>
     <span class='ocr_line' id='line_1_14' title="bbox 179 2209 1300 2294; baseline 0 -22"><span class='ocrx_word' id='word_1_104' title='bbox 179 2215 309 2293; x_wconf 90' lang='lat' dir='ltr'>apparet</span> <span class='ocrx_word' id='word_1_105' title='bbox 330 2229 444 2293; x_wconf 90' lang='lat' dir='ltr'>parum</span> <span class='ocrx_word' id='word_1_106' title='bbox 467 2209 589 2274; x_wconf 90' lang='lat' dir='ltr'>faustos</span> <span class='ocrx_word' id='word_1_107' title='bbox 614 2210 653 2274; x_wconf 93' lang='lat' dir='ltr'>de</span> <span class='ocrx_word' id='word_1_108' title='bbox 677 2211 746 2276; x_wconf 90' lang='lat' dir='ltr'>eius</span> <span class='ocrx_word' id='word_1_109' title='bbox 766 2210 921 2294; x_wconf 86' lang='lat' dir='ltr'>pudicitia</span> <span class='ocrx_word' id='word_1_110' title='bbox 938 2229 1083 2274; x_wconf 89' lang='lat' dir='ltr'>rumores</span> <span class='ocrx_word' id='word_1_111' title='bbox 1095 2212 1130 2273; x_wconf 93' lang='lat' dir='ltr'>in</span> <span class='ocrx_word' id='word_1_112' title='bbox 1143 2229 1197 2273; x_wconf 89' lang='lat' dir='ltr'>ore</span> <span class='ocrx_word' id='word_1_113' title='bbox 1208 2209 1300 2293; x_wconf 82' lang='lat' dir='ltr'>vulgi</span> 
     </span>
     <span class='ocr_line' id='line_1_15' title="bbox 177 2322 1299 2408; baseline 0 -22"><span class='ocrx_word' id='word_1_114' title='bbox 177 2322 295 2388; x_wconf 86' lang='lat' dir='ltr'>fuisso:</span> <span class='ocrx_word' id='word_1_115' title='bbox 332 2324 410 2407; x_wconf 92' lang='lat' dir='ltr'>quid</span> <span class='ocrx_word' id='word_1_116' title='bbox 439 2343 513 2408; x_wconf 84' lang='lat' dir='ltr'>ergo</span> <span class='ocrx_word' id='word_1_117' title='bbox 545 2324 656 2406; x_wconf 85' lang='lat' dir='ltr'>obstat,</span> <span class='ocrx_word' id='word_1_118' title='bbox 688 2325 863 2407; x_wconf 89' lang='lat' dir='ltr'>quominus</span> <span class='ocrx_word' id='word_1_119' title='bbox 894 2343 1090 2406; x_wconf 90' lang='lat' dir='ltr'>censeamus,</span> <span class='ocrx_word' id='word_1_120' title='bbox 1114 2324 1206 2388; x_wconf 91' lang='lat' dir='ltr'>etde</span> <span class='ocrx_word' id='word_1_121' title='bbox 1230 2324 1299 2387; x_wconf 91' lang='lat' dir='ltr'>eius</span> 
     </span>
     <span class='ocr_line' id='line_1_16' title="bbox 179 2435 1298 2521; baseline -0.001 -21"><span class='ocrx_word' id='word_1_122' title='bbox 179 2441 320 2501; x_wconf 89' lang='lat' dir='ltr'>amatore</span> <span class='ocrx_word' id='word_1_123' title='bbox 342 2436 503 2501; x_wconf 90' lang='lat' dir='ltr'>Pausania</span> <span class='ocrx_word' id='word_1_124' title='bbox 520 2437 638 2500; x_wconf 90' lang='lat' dir='ltr'>famam</span> <span class='ocrx_word' id='word_1_125' title='bbox 656 2455 714 2521; x_wconf 93' lang='lat' dir='ltr'>per</span> <span class='ocrx_word' id='word_1_126' title='bbox 733 2440 831 2501; x_wconf 89' lang='lat' dir='ltr'>totam</span> <span class='ocrx_word' id='word_1_127' title='bbox 845 2435 1008 2502; x_wconf 77' lang='lat' dir='ltr'>Graeciam</span> <span class='ocrx_word' id='word_1_128' title='bbox 1021 2457 1163 2521; x_wconf 91' lang='lat' dir='ltr'>sparsam</span> <span class='ocrx_word' id='word_1_129' title='bbox 1174 2436 1298 2500; x_wconf 78' lang='lat' dir='ltr'>fuisse?</span> 
     </span>
     <span class='ocr_line' id='line_1_17' title="bbox 178 2549 1298 2634; baseline 0 -22"><span class='ocrx_word' id='word_1_130' title='bbox 178 2549 253 2634; x_wconf 89' lang='lat' dir='ltr'>Ipse</span> <span class='ocrx_word' id='word_1_131' title='bbox 283 2550 374 2614; x_wconf 90' lang='lat' dir='ltr'>Plato</span> <span class='ocrx_word' id='word_1_132' title='bbox 405 2570 469 2614; x_wconf 90' lang='lat' dir='ltr'>non</span> <span class='ocrx_word' id='word_1_133' title='bbox 499 2553 532 2614; x_wconf 94' lang='lat' dir='ltr'>in</span> <span class='ocrx_word' id='word_1_134' title='bbox 564 2550 717 2614; x_wconf 85' lang='lat' dir='ltr'>Oonvivio</span> <span class='ocrx_word' id='word_1_135' title='bbox 749 2551 861 2628; x_wconf 90' lang='lat' dir='ltr'>solum,</span> <span class='ocrx_word' id='word_1_136' title='bbox 885 2552 1059 2616; x_wconf 88' lang='lat' dir='ltr'>sedetiam</span> <span class='ocrx_word' id='word_1_137' title='bbox 1083 2549 1160 2614; x_wconf 89' lang='lat' dir='ltr'>alibi</span> <span class='ocrx_word' id='word_1_138' title='bbox 1183 2551 1222 2614; x_wconf 90' lang='lat' dir='ltr'>de</span> <span class='ocrx_word' id='word_1_139' title='bbox 1243 2550 1298 2613; x_wconf 94' lang='lat' dir='ltr'>illo</span> 
     </span>
    </p>
   </div>
   <div class='ocr_carea' id='block_1_3' title="bbox 176 2663 1300 3296">
    <p class='ocr_par' dir='ltr' id='par_1_3' title="bbox 176 2663 1300 3296">
     <span class='ocr_line' id='line_1_18' title="bbox 179 2663 1299 2749; baseline -0.001 -21"><span class='ocrx_word' id='word_1_140' title='bbox 179 2683 286 2729; x_wconf 87' lang='lat' dir='ltr'>amore</span> <span class='ocrx_word' id='word_1_141' title='bbox 320 2666 466 2749; x_wconf 91' lang='lat' dir='ltr'>loquitur</span> <span class='ocrx_word' id='word_1_142' title='bbox 498 2665 594 2747; x_wconf 71' lang='lat' dir='ltr'>(Prot.</span> <span class='ocrx_word' id='word_1_143' title='bbox 630 2666 694 2728; x_wconf 84' lang='lat'>315</span> <span class='ocrx_word' id='word_1_144' title='bbox 724 2664 780 2747; x_wconf 73' lang='lat' dir='ltr'>E).</span> <span class='ocrx_word' id='word_1_145' title='bbox 812 2663 936 2730; x_wconf 89' lang='lat' dir='ltr'>Deinde</span> <span class='ocrx_word' id='word_1_146' title='bbox 966 2671 997 2729; x_wconf 89' lang='lat' dir='ltr'>et</span> <span class='ocrx_word' id='word_1_147' title='bbox 1025 2665 1085 2728; x_wconf 93' lang='lat' dir='ltr'>hoc</span> <span class='ocrx_word' id='word_1_148' title='bbox 1116 2664 1299 2746; x_wconf 90' lang='lat' dir='ltr'>tenendum,</span> 
     </span>
     <span class='ocr_line' id='line_1_19' title="bbox 177 2777 1297 2863; baseline -0.001 -22"><span class='ocrx_word' id='word_1_149' title='bbox 177 2777 402 2863; x_wconf 89' lang='lat' dir='ltr'>Xenophontis</span> <span class='ocrx_word' id='word_1_150' title='bbox 427 2778 619 2842; x_wconf 79' lang='lat' dir='ltr'>Convivium</span> <span class='ocrx_word' id='word_1_151' title='bbox 643 2779 728 2842; x_wconf 94' lang='lat' dir='ltr'>haud</span> <span class='ocrx_word' id='word_1_152' title='bbox 752 2779 849 2843; x_wconf 93' lang='lat' dir='ltr'>dubie</span> <span class='ocrx_word' id='word_1_153' title='bbox 869 2779 909 2842; x_wconf 93' lang='lat' dir='ltr'>ad</span> <span class='ocrx_word' id='word_1_154' title='bbox 928 2777 1089 2843; x_wconf 82' lang='lat' dir='ltr'>Socratem</span> <span class='ocrx_word' id='word_1_155' title='bbox 1101 2778 1297 2841; x_wconf 90' lang='lat' dir='ltr'>laudandum</span> 
     </span>
     <span class='ocr_line' id='line_1_20' title="bbox 178 2891 1300 2976; baseline -0.002 -21"><span class='ocrx_word' id='word_1_156' title='bbox 178 2893 332 2976; x_wconf 90' lang='lat' dir='ltr'>scriptum</span> <span class='ocrx_word' id='word_1_157' title='bbox 352 2910 429 2974; x_wconf 89' lang='lat' dir='ltr'>esse,</span> <span class='ocrx_word' id='word_1_158' title='bbox 449 2911 523 2976; x_wconf 85' lang='lat' dir='ltr'>ergo</span> <span class='ocrx_word' id='word_1_159' title='bbox 544 2891 800 2976; x_wconf 83' lang='lat' dir='ltr'>Xenophontem,</span> <span class='ocrx_word' id='word_1_160' title='bbox 813 2911 1008 2975; x_wconf 91' lang='lat' dir='ltr'>quamquam</span> <span class='ocrx_word' id='word_1_161' title='bbox 1028 2891 1171 2954; x_wconf 91' lang='lat' dir='ltr'>omnium</span> <span class='ocrx_word' id='word_1_162' title='bbox 1184 2909 1300 2974; x_wconf 89' lang='lat' dir='ltr'>aequa-</span> 
     </span>
     <span class='ocr_line' id='line_1_21' title="bbox 177 3004 1298 3095; baseline 0 -27"><span class='ocrx_word' id='word_1_163' title='bbox 177 3005 259 3068; x_wconf 87' lang='lat' dir='ltr'>lium</span> <span class='ocrx_word' id='word_1_164' title='bbox 294 3024 427 3069; x_wconf 90' lang='lat' dir='ltr'>suorum</span> <span class='ocrx_word' id='word_1_165' title='bbox 459 3010 725 3089; x_wconf 88' lang='lat' dir='ltr'>posterorumque</span> <span class='ocrx_word' id='word_1_166' title='bbox 759 3024 855 3069; x_wconf 91' lang='lat' dir='ltr'>causa</span> <span class='ocrx_word' id='word_1_167' title='bbox 889 3004 1048 3095; x_wconf 79' lang='lat' dir='ltr'>scriberet,</span> <span class='ocrx_word' id='word_1_168' title='bbox 1083 3009 1189 3068; x_wconf 90' lang='lat' dir='ltr'>tamen</span> <span class='ocrx_word' id='word_1_169' title='bbox 1222 3021 1298 3088; x_wconf 89' lang='lat' dir='ltr'>prae</span> 
     </span>
     <span class='ocr_line' id='line_1_22' title="bbox 178 3116 1297 3201; baseline -0.001 -19"><span class='ocrx_word' id='word_1_170' title='bbox 178 3119 291 3183; x_wconf 86' lang='lat' dir='ltr'>ceteris</span> <span class='ocrx_word' id='word_1_171' title='bbox 314 3119 387 3182; x_wconf 90' lang='lat' dir='ltr'>illos</span> <span class='ocrx_word' id='word_1_172' title='bbox 410 3118 542 3182; x_wconf 87' lang='lat' dir='ltr'>lectores</span> <span class='ocrx_word' id='word_1_173' title='bbox 566 3124 639 3182; x_wconf 89' lang='lat' dir='ltr'>ante</span> <span class='ocrx_word' id='word_1_174' title='bbox 659 3119 769 3182; x_wconf 91' lang='lat' dir='ltr'>oculos</span> <span class='ocrx_word' id='word_1_175' title='bbox 788 3117 1016 3201; x_wconf 90' lang='lat' dir='ltr'>habuisse,qui</span> <span class='ocrx_word' id='word_1_176' title='bbox 1038 3136 1147 3181; x_wconf 90' lang='lat' dir='ltr'>secum</span> <span class='ocrx_word' id='word_1_177' title='bbox 1160 3116 1297 3181; x_wconf 82' lang='lat' dir='ltr'>Socratis</span> 
     </span>
     <span class='ocr_line' id='line_1_23' title="bbox 176 3231 1296 3296; baseline 0 -2"><span class='ocrx_word' id='word_1_178' title='bbox 176 3231 388 3296; x_wconf 86' lang='lat' dir='ltr'>familiaritate</span> <span class='ocrx_word' id='word_1_179' title='bbox 423 3232 474 3296; x_wconf 90' lang='lat' dir='ltr'>usi</span> <span class='ocrx_word' id='word_1_180' title='bbox 505 3238 619 3296; x_wconf 89' lang='lat' dir='ltr'>essent.</span> <span class='ocrx_word' id='word_1_181' title='bbox 649 3231 688 3295; x_wconf 93' lang='lat' dir='ltr'>In</span> <span class='ocrx_word' id='word_1_182' title='bbox 721 3251 757 3296; x_wconf 90' lang='lat' dir='ltr'>eo</span> <span class='ocrx_word' id='word_1_183' title='bbox 788 3237 896 3296; x_wconf 87' lang='lat' dir='ltr'>autom</span> <span class='ocrx_word' id='word_1_184' title='bbox 927 3231 1065 3296; x_wconf 83' lang='lat' dir='ltr'>Socratis</span> <span class='ocrx_word' id='word_1_185' title='bbox 1089 3231 1296 3295; x_wconf 90' lang='lat' dir='ltr'>contubernio</span> 
     </span>
    </p>
   </div>
   <div class='ocr_carea' id='block_1_4' title="bbox 177 3339 1298 3654">
    <p class='ocr_par' dir='ltr' id='par_1_4' title="bbox 177 3339 1298 3654">
     <span class='ocr_line' id='line_1_24' title="bbox 177 3339 1298 3430; baseline 0 -22"><span class='ocrx_word' id='word_1_186' title='bbox 177 3345 270 3409; x_wconf 90' lang='lat' dir='ltr'>facile</span> <span class='ocrx_word' id='word_1_187' title='bbox 291 3344 361 3410; x_wconf 87' lang='lat' dir='ltr'>fiori</span> <span class='ocrx_word' id='word_1_188' title='bbox 383 3347 496 3430; x_wconf 93' lang='lat' dir='ltr'>potuit,</span> <span class='ocrx_word' id='word_1_189' title='bbox 518 3350 554 3409; x_wconf 94' lang='lat' dir='ltr'>ut</span> <span class='ocrx_word' id='word_1_190' title='bbox 573 3339 748 3410; x_wconf 87' lang='lat' dir='ltr'>Pausanias</span> <span class='ocrx_word' id='word_1_191' title='bbox 772 3345 858 3409; x_wconf 91' lang='lat' dir='ltr'>haud</span> <span class='ocrx_word' id='word_1_192' title='bbox 884 3346 982 3410; x_wconf 91' lang='lat' dir='ltr'>semel</span> <span class='ocrx_word' id='word_1_193' title='bbox 1004 3345 1059 3409; x_wconf 89' lang='lat' dir='ltr'>sed</span> <span class='ocrx_word' id='word_1_194' title='bbox 1081 3346 1207 3428; x_wconf 89' lang='lat' dir='ltr'>saepius</span> <span class='ocrx_word' id='word_1_195' title='bbox 1227 3363 1298 3408; x_wconf 90' lang='lat' dir='ltr'>sen·</span> 
     </span>
     <span class='ocr_line' id='line_1_25' title="bbox 177 3459 1297 3544; baseline 0 -22"><span class='ocrx_word' id='word_1_196' title='bbox 177 3460 310 3523; x_wconf 90' lang='lat' dir='ltr'>tentiam</span> <span class='ocrx_word' id='word_1_197' title='bbox 340 3459 480 3543; x_wconf 92' lang='lat' dir='ltr'>aliquam</span> <span class='ocrx_word' id='word_1_198' title='bbox 512 3459 551 3524; x_wconf 88' lang='lat' dir='ltr'>de</span> <span class='ocrx_word' id='word_1_199' title='bbox 580 3477 687 3522; x_wconf 89' lang='lat' dir='ltr'>amore</span> <span class='ocrx_word' id='word_1_200' title='bbox 719 3459 908 3541; x_wconf 90' lang='lat' dir='ltr'>defenderet,</span> <span class='ocrx_word' id='word_1_201' title='bbox 931 3460 1072 3544; x_wconf 82' lang='lat' dir='ltr'>ignotam</span> <span class='ocrx_word' id='word_1_202' title='bbox 1097 3460 1218 3541; x_wconf 89' lang='lat' dir='ltr'>ceteris,</span> <span class='ocrx_word' id='word_1_203' title='bbox 1240 3459 1297 3522; x_wconf 90' lang='lat' dir='ltr'>sed</span> 
     </span>
     <span class='ocr_line' id='line_1_26' title="bbox 178 3571 1296 3654; baseline -0.001 -17"><span class='ocrx_word' id='word_1_204' title='bbox 178 3571 316 3637; x_wconf 84' lang='lat' dir='ltr'>Socratis</span> <span class='ocrx_word' id='word_1_205' title='bbox 347 3573 458 3637; x_wconf 92' lang='lat' dir='ltr'>amicis</span> <span class='ocrx_word' id='word_1_206' title='bbox 489 3573 688 3636; x_wconf 87' lang='lat' dir='ltr'>notissimam</span> <span class='ocrx_word' id='word_1_207' title='bbox 702 3571 732 3654; x_wconf 91' lang='grc'>1).</span> <span class='ocrx_word' id='word_1_208' title='bbox 756 3572 853 3637; x_wconf 92' lang='lat' dir='ltr'>Haud</span> <span class='ocrx_word' id='word_1_209' title='bbox 877 3573 1005 3637; x_wconf 90' lang='lat' dir='ltr'>difficile</span> <span class='ocrx_word' id='word_1_210' title='bbox 1029 3579 1076 3637; x_wconf 90' lang='lat' dir='ltr'>est</span> <span class='ocrx_word' id='word_1_211' title='bbox 1099 3591 1117 3636; x_wconf 93' lang='lat' dir='ltr'>e</span> <span class='ocrx_word' id='word_1_212' title='bbox 1140 3571 1296 3636; x_wconf 88' lang='lat' dir='ltr'>Memora·</span> 
     </span>
    </p>
   </div>
   <div class='ocr_carea' id='block_1_5' title="bbox 179 3791 323 3802">
    <p class='ocr_par' dir='ltr' id='par_1_5' title="bbox 179 3791 323 3802">
     <span class='ocr_line' id='line_1_27' title="bbox 179 3791 323 3802; baseline 0 -4"><span class='ocrx_word' id='word_1_213' title='bbox 179 3791 323 3802; x_wconf 82' lang='lat'><em>—-.-</em></span> 
     </span>
    </p>
   </div>
   <div class='ocr_carea' id='block_1_6' title="bbox 173 3941 1295 4464">
    <p class='ocr_par' dir='ltr' id='par_1_6' title="bbox 173 3941 1295 4464">
     <span class='ocr_line' id='line_1_28' title="bbox 209 3941 1294 4010; baseline -0.001 -17"><span class='ocrx_word' id='word_1_214' title='bbox 209 3942 237 4006; x_wconf 87' lang='grc'>1)</span> <span class='ocrx_word' id='word_1_215' title='bbox 255 3942 313 3994; x_wconf 90' lang='lat' dir='ltr'>Non</span> <span class='ocrx_word' id='word_1_216' title='bbox 330 3944 429 3994; x_wconf 88' lang='lat' dir='ltr'>multos</span> <span class='ocrx_word' id='word_1_217' title='bbox 443 3943 497 3993; x_wconf 86' lang='lat' dir='ltr'>lore</span> <span class='ocrx_word' id='word_1_218' title='bbox 513 3943 587 3993; x_wconf 86' lang='lat' dir='ltr'>credo</span> <span class='ocrx_word' id='word_1_219' title='bbox 604 3943 700 4008; x_wconf 88' lang='lat' dir='ltr'>quibus</span> <span class='ocrx_word' id='word_1_220' title='bbox 716 3944 803 4010; x_wconf 81' lang='lat' dir='ltr'>magni</span> <span class='ocrx_word' id='word_1_221' title='bbox 821 3943 947 3994; x_wconf 85' lang='lat' dir='ltr'>momenti</span> <span class='ocrx_word' id='word_1_222' title='bbox 965 3943 1082 3993; x_wconf 89' lang='lat' dir='ltr'>videatur</span> <span class='ocrx_word' id='word_1_223' title='bbox 1098 3943 1147 3992; x_wconf 94' lang='lat' dir='ltr'>hoc</span> <span class='ocrx_word' id='word_1_224' title='bbox 1163 3941 1294 3992; x_wconf 85' lang='lat' dir='ltr'>Schenklii</span> 
     </span>
     <span class='ocr_line' id='line_1_29' title="bbox 175 4033 1295 4100; baseline -0.003 -15"><span class='ocrx_word' id='word_1_225' title='bbox 175 4039 360 4100; x_wconf 78' lang='lat' dir='ltr'>argumentum</span> <span class='ocrx_word' id='word_1_226' title='bbox 378 4035 413 4098; x_wconf 93' lang='lat' dir='ltr'>(p.</span> <span class='ocrx_word' id='word_1_227' title='bbox 431 4033 488 4098; x_wconf 76' lang='lat'>45):</span> <span class='ocrx_word' id='word_1_228' title='bbox 511 4033 683 4100; x_wconf 72' lang='lat' dir='ltr'>„Xenophom</span> <span class='ocrx_word' id='word_1_229' title='bbox 700 4035 722 4084; x_wconf 91' lang='lat' dir='ltr'>sl</span> <span class='ocrx_word' id='word_1_230' title='bbox 740 4035 881 4084; x_wconf 85' lang='lat' dir='ltr'>Pausaniae</span> <span class='ocrx_word' id='word_1_231' title='bbox 898 4033 1054 4084; x_wconf 87' lang='lat' dir='ltr'>senteutiam</span> <span class='ocrx_word' id='word_1_232' title='bbox 1071 4038 1160 4083; x_wconf 85' lang='lat' dir='ltr'>notam</span> <span class='ocrx_word' id='word_1_233' title='bbox 1174 4034 1295 4083; x_wconf 89' lang='lat' dir='ltr'>omnibus</span> 
     </span>
     <span class='ocr_line' id='line_1_30' title="bbox 175 4124 1293 4194; baseline -0.004 -16"><span class='ocrx_word' id='word_1_234' title='bbox 175 4126 286 4178; x_wconf 89' lang='lat' dir='ltr'>Socratis</span> <span class='ocrx_word' id='word_1_235' title='bbox 307 4127 396 4176; x_wconf 90' lang='lat' dir='ltr'>amicis</span> <span class='ocrx_word' id='word_1_236' title='bbox 418 4126 529 4175; x_wconf 88' lang='lat' dir='ltr'>indicare</span> <span class='ocrx_word' id='word_1_237' title='bbox 551 4126 672 4176; x_wconf 86' lang='lat' dir='ltr'>voluisset</span> <span class='ocrx_word' id='word_1_238' title='bbox 696 4127 787 4194; x_wconf 84' lang='lat' dir='ltr'>(‚,eine</span> <span class='ocrx_word' id='word_1_239' title='bbox 806 4126 951 4176; x_wconf 89' lang='lat' dir='ltr'>notorische</span> <span class='ocrx_word' id='word_1_240' title='bbox 968 4124 1146 4189; x_wconf 88' lang='lat' dir='ltr'>Thatsache‘&#39;),</span> <span class='ocrx_word' id='word_1_241' title='bbox 1164 4140 1216 4174; x_wconf 90' lang='lat' dir='ltr'>non</span> <span class='ocrx_word' id='word_1_242' title='bbox 1234 4139 1293 4189; x_wconf 85' lang='lat' dir='ltr'>per·</span> 
     </span>
     <span class='ocr_line' id='line_1_31' title="bbox 174 4215 1293 4283; baseline -0.001 -15"><span class='ocrx_word' id='word_1_243' title='bbox 174 4219 240 4270; x_wconf 85' lang='lat' dir='ltr'>lecto</span> <span class='ocrx_word' id='word_1_244' title='bbox 261 4216 343 4283; x_wconf 73' lang='grc' dir='ltr'>ἐίροκε,</span> <span class='ocrx_word' id='word_1_245' title='bbox 359 4231 450 4268; x_wconf 88' lang='lat' dir='ltr'>verum</span> <span class='ocrx_word' id='word_1_246' title='bbox 469 4217 563 4268; x_wconf 89' lang='lat' dir='ltr'>aoristo</span> <span class='ocrx_word' id='word_1_247' title='bbox 582 4215 645 4266; x_wconf 73' lang='grc' dir='ltr'><strong><em>εἶπεν</em></strong></span> <span class='ocrx_word' id='word_1_248' title='bbox 661 4233 724 4268; x_wconf 93' lang='lat' dir='ltr'>usus</span> <span class='ocrx_word' id='word_1_249' title='bbox 740 4224 815 4282; x_wconf 84' lang='lat' dir='ltr'>esset,</span> <span class='ocrx_word' id='word_1_250' title='bbox 831 4223 857 4268; x_wconf 88' lang='lat' dir='ltr'>et</span> <span class='ocrx_word' id='word_1_251' title='bbox 873 4217 944 4267; x_wconf 88' lang='lat' dir='ltr'>haud</span> <span class='ocrx_word' id='word_1_252' title='bbox 961 4216 1038 4266; x_wconf 90' lang='lat' dir='ltr'>dubie</span> <span class='ocrx_word' id='word_1_253' title='bbox 1056 4215 1116 4265; x_wconf 77' lang='grc' dir='ltr'>ποτέ</span> <span class='ocrx_word' id='word_1_254' title='bbox 1132 4217 1293 4267; x_wconf 88' lang='lat' dir='ltr'>addidisset.”</span> 
     </span>
     <span class='ocr_line' id='line_1_32' title="bbox 175 4307 1292 4374; baseline -0.003 -13"><span class='ocrx_word' id='word_1_255' title='bbox 175 4310 254 4370; x_wconf 87' lang='lat' dir='ltr'>Quasi</span> <span class='ocrx_word' id='word_1_256' title='bbox 280 4326 339 4361; x_wconf 90' lang='lat' dir='ltr'>vero</span> <span class='ocrx_word' id='word_1_257' title='bbox 364 4325 425 4374; x_wconf 89' lang='lat' dir='ltr'>non,</span> <span class='ocrx_word' id='word_1_258' title='bbox 449 4309 471 4358; x_wconf 93' lang='lat' dir='ltr'>si</span> <span class='ocrx_word' id='word_1_259' title='bbox 495 4310 580 4359; x_wconf 88' lang='lat' dir='ltr'>locum</span> <span class='ocrx_word' id='word_1_260' title='bbox 604 4309 766 4360; x_wconf 82' lang='lat' dir='ltr'>Platonicum</span> <span class='ocrx_word' id='word_1_261' title='bbox 789 4313 925 4373; x_wconf 85' lang='lat' dir='ltr'>spectasset</span> <span class='ocrx_word' id='word_1_262' title='bbox 945 4309 1096 4372; x_wconf 85' lang='lat' dir='ltr'>Xenophon,</span> <span class='ocrx_word' id='word_1_263' title='bbox 1115 4309 1190 4358; x_wconf 89' lang='lat' dir='ltr'>verbo</span> <span class='ocrx_word' id='word_1_264' title='bbox 1207 4307 1292 4370; x_wconf 73' lang='grc' dir='ltr'>ἐίρηκεν</span> 
     </span>
     <span class='ocr_line' id='line_1_33' title="bbox 173 4398 1121 4464; baseline -0.009 -10"><span class='ocrx_word' id='word_1_265' title='bbox 173 4403 321 4454; x_wconf 84' lang='lat' dir='ltr'>addendum</span> <span class='ocrx_word' id='word_1_266' title='bbox 337 4401 427 4452; x_wconf 84' lang='lat' dir='ltr'>luisset</span> <span class='ocrx_word' id='word_1_267' title='bbox 444 4402 507 4460; x_wconf 74' lang='grc' dir='ltr'>παρὰ</span> <span class='ocrx_word' id='word_1_268' title='bbox 526 4399 648 4464; x_wconf 71' lang='grc' dir='ltr'>Πλάτωνι,</span> <span class='ocrx_word' id='word_1_269' title='bbox 665 4405 712 4450; x_wconf 85' lang='lat' dir='ltr'>aut</span> <span class='ocrx_word' id='word_1_270' title='bbox 727 4401 820 4451; x_wconf 81' lang='lat' dir='ltr'>saltem</span> <span class='ocrx_word' id='word_1_271' title='bbox 835 4399 987 4450; x_wconf 88' lang='lat' dir='ltr'>adverbium</span> <span class='ocrx_word' id='word_1_272' title='bbox 1003 4398 1052 4448; x_wconf 90' lang='lat' dir='ltr'>loci</span> <span class='ocrx_word' id='word_1_273' title='bbox 1070 4415 1121 4446; x_wconf 79' lang='grc' dir='ltr'>που.</span> 
     </span>
    </p>
   </div>
   <div class='ocr_carea' id='block_1_7' title="bbox 0 0 1678 5262">
    <p class='ocr_par' dir='ltr' id='par_1_7' title="bbox 0 0 1678 5262">
     <span class='ocr_line' id='line_1_34' title="bbox 0 0 1678 5262; baseline 0 2"><span class='ocrx_word' id='word_1_274' title='bbox 0 0 1678 5262; x_wconf 95' lang='lat' dir='ltr'> </span> 
     </span>
    </p>
   </div>
  </div>
 </body>
</html>
