<?xml version="1.0" encoding="UTF-8"?>
<!DOCTYPE html PUBLIC "-//W3C//DTD XHTML 1.0 Transitional//EN"
    "http://www.w3.org/TR/xhtml1/DTD/xhtml1-transitional.dtd">
<html xmlns="http://www.w3.org/1999/xhtml" xml:lang="en" lang="en">
 <head>
  <title>
</title>
<meta http-equiv="Content-Type" content="text/html;charset=utf-8" />
  <meta name='ocr-system' content='tesseract 3.04.00' />
  <meta name='ocr-capabilities' content='ocr_page ocr_carea ocr_par ocr_line ocrx_word'/>
</head>
<body>
  <div class='ocr_page' id='page_1' title='image "./analectaxenopho00hartgoog_0175.png"; bbox 0 0 3352 5260; ppageno 0'>
   <div class='ocr_carea' id='block_1_1' title="bbox 872 593 935 656">
    <p class='ocr_par' dir='ltr' id='par_1_1' title="bbox 872 593 935 656">
     <span class='ocr_line' id='line_1_1' title="bbox 872 593 935 656; baseline 0 0"><span class='ocrx_word' id='word_1_1' title='bbox 872 593 935 656; x_wconf 89' lang='grc'>160</span> 
     </span>
    </p>
   </div>
   <div class='ocr_carea' id='block_1_2' title="bbox 336 769 1463 2561">
    <p class='ocr_par' dir='ltr' id='par_1_2' title="bbox 336 769 1463 1653">
     <span class='ocr_line' id='line_1_2' title="bbox 382 769 1462 859; baseline 0.003 -18"><span class='ocrx_word' id='word_1_2' title='bbox 382 777 429 842; x_wconf 92' lang='lat' dir='ltr'>Ib.</span> <span class='ocrx_word' id='word_1_3' title='bbox 452 777 477 842; x_wconf 84' lang='grc' dir='ltr'>οἱ</span> <span class='ocrx_word' id='word_1_4' title='bbox 499 777 554 856; x_wconf 76' lang='grc' dir='ltr'>μὲν</span> <span class='ocrx_word' id='word_1_5' title='bbox 577 776 694 857; x_wconf 71' lang='grc' dir='ltr'><em>οἰόμενοι</em></span> <span class='ocrx_word' id='word_1_6' title='bbox 717 777 810 856; x_wconf 68' lang='grc' dir='ltr'><em>μηδὲν</em></span> <span class='ocrx_word' id='word_1_7' title='bbox 833 769 865 841; x_wconf 81' lang='grc' dir='ltr'>εὖ</span> <span class='ocrx_word' id='word_1_8' title='bbox 888 775 1024 858; x_wconf 76' lang='grc' dir='ltr'><em>τροὶττειν</em></span> <span class='ocrx_word' id='word_1_9' title='bbox 1044 778 1095 842; x_wconf 83' lang='grc' dir='ltr'>οὐκ</span> <span class='ocrx_word' id='word_1_10' title='bbox 1114 777 1324 859; x_wconf 68' lang='grc' dir='ltr'><strong><em>εὐφραίνονται.</em></strong></span> <span class='ocrx_word' id='word_1_11' title='bbox 1344 777 1462 844; x_wconf 87' lang='lat' dir='ltr'>Neces-</span> 
     </span>
     <span class='ocr_line' id='line_1_3' title="bbox 338 888 1460 975; baseline 0.003 -20"><span class='ocrx_word' id='word_1_12' title='bbox 338 893 421 956; x_wconf 87' lang='lat' dir='ltr'>sario</span> <span class='ocrx_word' id='word_1_13' title='bbox 443 891 623 957; x_wconf 87' lang='lat' dir='ltr'>infinitivus</span> <span class='ocrx_word' id='word_1_14' title='bbox 645 890 751 972; x_wconf 78' lang='lat' dir='ltr'>futuri</span> <span class='ocrx_word' id='word_1_15' title='bbox 770 888 887 972; x_wconf 70' lang='grc' dir='ltr'><em>προέξειν</em></span> <span class='ocrx_word' id='word_1_16' title='bbox 907 893 1100 975; x_wconf 88' lang='lat' dir='ltr'>requiritur;</span> <span class='ocrx_word' id='word_1_17' title='bbox 1121 894 1278 957; x_wconf 89' lang='lat' dir='ltr'>sententia</span> <span class='ocrx_word' id='word_1_18' title='bbox 1297 895 1383 958; x_wconf 88' lang='lat' dir='ltr'>enim</span> <span class='ocrx_word' id='word_1_19' title='bbox 1396 898 1460 958; x_wconf 86' lang='lat' dir='ltr'>est:</span> 
     </span>
     <span class='ocr_line' id='line_1_4' title="bbox 338 1003 1461 1089; baseline 0.003 -22"><span class='ocrx_word' id='word_1_20' title='bbox 338 1005 395 1088; x_wconf 90' lang='lat' dir='ltr'>qui</span> <span class='ocrx_word' id='word_1_21' title='bbox 426 1009 550 1088; x_wconf 85' lang='lat' dir='ltr'>putant,</span> <span class='ocrx_word' id='word_1_22' title='bbox 583 1023 617 1068; x_wconf 87' lang='lat' dir='ltr'>se</span> <span class='ocrx_word' id='word_1_23' title='bbox 643 1005 750 1069; x_wconf 90' lang='lat' dir='ltr'>nullas</span> <span class='ocrx_word' id='word_1_24' title='bbox 774 1023 791 1068; x_wconf 92' lang='lat' dir='ltr'>e</span> <span class='ocrx_word' id='word_1_25' title='bbox 815 1003 924 1068; x_wconf 90' lang='lat' dir='ltr'>labore</span> <span class='ocrx_word' id='word_1_26' title='bbox 947 1023 1022 1088; x_wconf 87' lang='lat' dir='ltr'>opes</span> <span class='ocrx_word' id='word_1_27' title='bbox 1039 1010 1243 1086; x_wconf 79' lang='lat' dir='ltr'>percepturos</span> <span class='ocrx_word' id='word_1_28' title='bbox 1265 1026 1337 1089; x_wconf 84' lang='lat' dir='ltr'>esse,</span> <span class='ocrx_word' id='word_1_29' title='bbox 1359 1007 1461 1089; x_wconf 88' lang='lat' dir='ltr'>nullo,</span> 
     </span>
     <span class='ocr_line' id='line_1_5' title="bbox 338 1118 1460 1204; baseline 0.001 -21"><span class='ocrx_word' id='word_1_30' title='bbox 338 1120 414 1183; x_wconf 92' lang='lat' dir='ltr'>dum</span> <span class='ocrx_word' id='word_1_31' title='bbox 450 1123 548 1183; x_wconf 87' lang='lat' dir='ltr'>artem</span> <span class='ocrx_word' id='word_1_32' title='bbox 586 1139 678 1184; x_wconf 88' lang='lat' dir='ltr'>suam</span> <span class='ocrx_word' id='word_1_33' title='bbox 710 1124 868 1202; x_wconf 75' lang='lat' dir='ltr'>exercent,</span> <span class='ocrx_word' id='word_1_34' title='bbox 891 1118 1045 1183; x_wconf 88' lang='lat' dir='ltr'>fruuntur</span> <span class='ocrx_word' id='word_1_35' title='bbox 1066 1120 1194 1204; x_wconf 87' lang='lat' dir='ltr'>gaudio.</span> <span class='ocrx_word' id='word_1_36' title='bbox 1217 1120 1333 1186; x_wconf 87' lang='lat' dir='ltr'>Veram</span> <span class='ocrx_word' id='word_1_37' title='bbox 1358 1139 1460 1185; x_wconf 87' lang='lat' dir='ltr'>meam</span> 
     </span>
     <span class='ocr_line' id='line_1_6' title="bbox 337 1232 1460 1318; baseline 0.001 -20"><span class='ocrx_word' id='word_1_38' title='bbox 337 1233 552 1298; x_wconf 87' lang='lat' dir='ltr'>coniecturam</span> <span class='ocrx_word' id='word_1_39' title='bbox 585 1252 655 1297; x_wconf 87' lang='lat' dir='ltr'>esse</span> <span class='ocrx_word' id='word_1_40' title='bbox 684 1237 813 1317; x_wconf 87' lang='lat' dir='ltr'>apparet</span> <span class='ocrx_word' id='word_1_41' title='bbox 843 1251 860 1296; x_wconf 87' lang='lat' dir='ltr'>e</span> <span class='ocrx_word' id='word_1_42' title='bbox 891 1232 1120 1316; x_wconf 84' lang='lat' dir='ltr'>sequentibus:</span> <span class='ocrx_word' id='word_1_43' title='bbox 1146 1239 1352 1318; x_wconf 89' lang='lat' dir='ltr'>opponuntur</span> <span class='ocrx_word' id='word_1_44' title='bbox 1375 1237 1460 1299; x_wconf 86' lang='lat' dir='ltr'>anim</span> 
     </span>
     <span class='ocr_line' id='line_1_7' title="bbox 336 1345 1463 1430; baseline 0.004 -21"><span class='ocrx_word' id='word_1_45' title='bbox 336 1347 492 1428; x_wconf 85' lang='lat' dir='ltr'>homines,</span> <span class='ocrx_word' id='word_1_46' title='bbox 515 1347 573 1430; x_wconf 89' lang='lat' dir='ltr'>qui</span> <span class='ocrx_word' id='word_1_47' title='bbox 595 1345 739 1429; x_wconf 86' lang='lat' dir='ltr'>credunt,</span> <span class='ocrx_word' id='word_1_48' title='bbox 762 1345 990 1430; x_wconf 79' lang='lat' dir='ltr'>egnculturam</span> <span class='ocrx_word' id='word_1_49' title='bbox 1013 1346 1149 1412; x_wconf 86' lang='lat' dir='ltr'>aliamve</span> <span class='ocrx_word' id='word_1_50' title='bbox 1172 1351 1271 1412; x_wconf 82' lang='lat' dir='ltr'>artem</span> <span class='ocrx_word' id='word_1_51' title='bbox 1296 1347 1357 1413; x_wconf 91' lang='lat' dir='ltr'>sibi</span> <span class='ocrx_word' id='word_1_52' title='bbox 1380 1347 1463 1414; x_wconf 90' lang='lat' dir='ltr'>bene</span> 
     </span>
     <span class='ocr_line' id='line_1_8' title="bbox 337 1451 1461 1545; baseline 0.001 -21"><span class='ocrx_word' id='word_1_53' title='bbox 337 1460 522 1545; x_wconf 85' lang='lat' dir='ltr'>procedere;</span> <span class='ocrx_word' id='word_1_54' title='bbox 556 1462 580 1523; x_wconf 93' lang='lat' dir='ltr'>ii</span> <span class='ocrx_word' id='word_1_55' title='bbox 614 1466 721 1524; x_wconf 81' lang='lat' dir='ltr'>autem</span> <span class='ocrx_word' id='word_1_56' title='bbox 757 1460 794 1530; x_wconf 78' lang='grc' dir='ltr'>ὡς</span> <span class='ocrx_word' id='word_1_57' title='bbox 825 1451 857 1521; x_wconf 82' lang='grc' dir='ltr'>εὖ</span> <span class='ocrx_word' id='word_1_58' title='bbox 889 1456 1066 1540; x_wconf 69' lang='grc' dir='ltr'><em>πράττοντες</em></span> <span class='ocrx_word' id='word_1_59' title='bbox 1096 1459 1307 1542; x_wconf 66' lang='grc' dir='ltr'><em>εὐφραίνονται,</em></span> <span class='ocrx_word' id='word_1_60' title='bbox 1332 1463 1352 1525; x_wconf 89' lang='lat' dir='ltr'>i.</span> <span class='ocrx_word' id='word_1_61' title='bbox 1373 1480 1398 1527; x_wconf 86' lang='lat' dir='ltr'>e.</span> <span class='ocrx_word' id='word_1_62' title='bbox 1424 1463 1461 1534; x_wconf 75' lang='grc' dir='ltr'>ὦς</span> 
     </span>
     <span class='ocr_line' id='line_1_9' title="bbox 338 1565 670 1653; baseline 0 -17"><span class='ocrx_word' id='word_1_63' title='bbox 338 1570 406 1647; x_wconf 73' lang='grc' dir='ltr'>ἤδη</span> <span class='ocrx_word' id='word_1_64' title='bbox 430 1565 462 1636; x_wconf 85' lang='grc' dir='ltr'>εὗ</span> <span class='ocrx_word' id='word_1_65' title='bbox 483 1570 670 1653; x_wconf 68' lang='grc' dir='ltr'><em>πράττοντες.</em></span> 
     </span>
    </p>

    <p class='ocr_par' dir='ltr' id='par_1_3' title="bbox 339 1684 1462 1886">
     <span class='ocr_line' id='line_1_10' title="bbox 385 1684 1462 1767; baseline 0.003 -16"><span class='ocrx_word' id='word_1_66' title='bbox 385 1689 434 1752; x_wconf 89' lang='grc'>13.</span> <span class='ocrx_word' id='word_1_67' title='bbox 458 1685 605 1767; x_wconf 74' lang='grc' dir='ltr'><em>οοφιοτοὶς</em></span> <span class='ocrx_word' id='word_1_68' title='bbox 628 1684 718 1766; x_wconf 76' lang='grc' dir='ltr'><em>ὥςπερ</em></span> <span class='ocrx_word' id='word_1_69' title='bbox 741 1684 857 1766; x_wconf 77' lang='grc' dir='ltr'><em>πόρνους</em></span> <span class='ocrx_word' id='word_1_70' title='bbox 880 1685 1102 1762; x_wconf 79' lang='grc' dir='ltr'><em>οὶποκοιλοῦριεν.</em></span> <span class='ocrx_word' id='word_1_71' title='bbox 1124 1687 1274 1753; x_wconf 85' lang='lat' dir='ltr'>Absurde</span> <span class='ocrx_word' id='word_1_72' title='bbox 1295 1689 1372 1753; x_wconf 86' lang='lat' dir='ltr'>haee</span> <span class='ocrx_word' id='word_1_73' title='bbox 1391 1707 1462 1754; x_wconf 86' lang='lat' dir='ltr'>osse</span> 
     </span>
     <span class='ocr_line' id='line_1_11' title="bbox 339 1798 1361 1886; baseline 0 -22"><span class='ocrx_word' id='word_1_74' title='bbox 339 1800 417 1864; x_wconf 91' lang='lat' dir='ltr'>mihi</span> <span class='ocrx_word' id='word_1_75' title='bbox 441 1804 574 1882; x_wconf 82' lang='lat' dir='ltr'>constat,</span> <span class='ocrx_word' id='word_1_76' title='bbox 598 1800 654 1864; x_wconf 85' lang='lat' dir='ltr'>sed</span> <span class='ocrx_word' id='word_1_77' title='bbox 676 1798 874 1883; x_wconf 90' lang='lat' dir='ltr'>probabilem</span> <span class='ocrx_word' id='word_1_78' title='bbox 899 1800 1113 1864; x_wconf 86' lang='lat' dir='ltr'>coniecturam</span> <span class='ocrx_word' id='word_1_79' title='bbox 1137 1821 1203 1865; x_wconf 92' lang='lat' dir='ltr'>non</span> <span class='ocrx_word' id='word_1_80' title='bbox 1226 1803 1361 1886; x_wconf 87' lang='lat' dir='ltr'>repperi.</span> 
     </span>
    </p>

    <p class='ocr_par' dir='ltr' id='par_1_4' title="bbox 338 1905 1462 2338">
     <span class='ocr_line' id='line_1_12' title="bbox 385 1905 1461 1998; baseline 0.002 -21"><span class='ocrx_word' id='word_1_81' title='bbox 385 1912 488 1998; x_wconf 84' lang='lat' dir='ltr'>Caput</span> <span class='ocrx_word' id='word_1_82' title='bbox 517 1913 591 1997; x_wconf 73' lang='lat' dir='ltr'>VII,</span> <span class='ocrx_word' id='word_1_83' title='bbox 623 1915 652 1978; x_wconf 87' lang='lat'>3.</span> <span class='ocrx_word' id='word_1_84' title='bbox 683 1905 727 1994; x_wconf 69' lang='grc' dir='ltr'>ἄρ’</span> <span class='ocrx_word' id='word_1_85' title='bbox 753 1913 801 1977; x_wconf 81' lang='grc' dir='ltr'>οὐκ</span> <span class='ocrx_word' id='word_1_86' title='bbox 825 1910 871 1986; x_wconf 72' lang='lat' dir='ltr'>aa,</span> <span class='ocrx_word' id='word_1_87' title='bbox 895 1911 919 1976; x_wconf 78' lang='lat' dir='ltr'>ri</span> <span class='ocrx_word' id='word_1_88' title='bbox 941 1912 996 1991; x_wconf 78' lang='grc' dir='ltr'>μὲν</span> <span class='ocrx_word' id='word_1_89' title='bbox 1019 1913 1184 1992; x_wconf 75' lang='grc' dir='ltr'><em>ἐπιθυμῶν.</em></span> <span class='ocrx_word' id='word_1_90' title='bbox 1199 1963 1207 1977; x_wconf 93' lang='grc'><strong>.</strong></span> <span class='ocrx_word' id='word_1_91' title='bbox 1222 1962 1251 1977; x_wconf 92' lang='grc'>..</span> <span class='ocrx_word' id='word_1_92' title='bbox 1277 1914 1322 1994; x_wconf 73' lang='grc' dir='ltr'>μὶν</span> <span class='ocrx_word' id='word_1_93' title='bbox 1345 1914 1461 1980; x_wconf 78' lang='grc' dir='ltr'><em>δύνοντι</em></span> 
     </span>
     <span class='ocr_line' id='line_1_13' title="bbox 338 2024 1462 2112; baseline 0.004 -22"><span class='ocrx_word' id='word_1_94' title='bbox 338 2026 450 2099; x_wconf 75' lang='grc' dir='ltr'><em>πείθειν,</em></span> <span class='ocrx_word' id='word_1_95' title='bbox 474 2025 567 2106; x_wconf 77' lang='grc' dir='ltr'><em>τοιύτρ</em></span> <span class='ocrx_word' id='word_1_96' title='bbox 591 2024 716 2107; x_wconf 73' lang='grc' dir='ltr'><em>λυπηρόν</em></span> <span class='ocrx_word' id='word_1_97' title='bbox 739 2025 801 2091; x_wconf 82' lang='grc' dir='ltr'><em>ιιτὲ.</em></span> <span class='ocrx_word' id='word_1_98' title='bbox 823 2025 906 2092; x_wconf 80' lang='lat' dir='ltr'>Satis</span> <span class='ocrx_word' id='word_1_99' title='bbox 927 2027 1006 2091; x_wconf 89' lang='lat' dir='ltr'>mihi</span> <span class='ocrx_word' id='word_1_100' title='bbox 1024 2029 1128 2112; x_wconf 85' lang='lat' dir='ltr'>placet</span> <span class='ocrx_word' id='word_1_101' title='bbox 1147 2027 1462 2094; x_wconf 76' lang='lat' dir='ltr'>Heindoriiiconioo·</span> 
     </span>
     <span class='ocr_line' id='line_1_14' title="bbox 339 2137 1462 2226; baseline -0.001 -20"><span class='ocrx_word' id='word_1_102' title='bbox 339 2146 411 2206; x_wconf 84' lang='lat' dir='ltr'>tura</span> <span class='ocrx_word' id='word_1_103' title='bbox 442 2140 523 2204; x_wconf 82' lang='grc' dir='ltr'><em>τοῦτ’</em></span> <span class='ocrx_word' id='word_1_104' title='bbox 553 2137 594 2214; x_wconf 69' lang='grc' dir='ltr'>εἴη</span> <span class='ocrx_word' id='word_1_105' title='bbox 619 2137 754 2222; x_wconf 70' lang='grc' dir='ltr'><em>λυπηρόν.</em></span> <span class='ocrx_word' id='word_1_106' title='bbox 780 2139 881 2223; x_wconf 79' lang='lat' dir='ltr'>uerte,</span> <span class='ocrx_word' id='word_1_107' title='bbox 906 2140 991 2224; x_wconf 88' lang='lat' dir='ltr'>quod</span> <span class='ocrx_word' id='word_1_108' title='bbox 1015 2160 1103 2206; x_wconf 91' lang='lat' dir='ltr'>nunc</span> <span class='ocrx_word' id='word_1_109' title='bbox 1125 2141 1251 2226; x_wconf 83' lang='lat' dir='ltr'>legitur,</span> <span class='ocrx_word' id='word_1_110' title='bbox 1272 2139 1368 2222; x_wconf 77' lang='grc' dir='ltr'><em>τούτρ</em></span> <span class='ocrx_word' id='word_1_111' title='bbox 1393 2161 1462 2206; x_wconf 90' lang='lat' dir='ltr'>cor·</span> 
     </span>
     <span class='ocr_line' id='line_1_15' title="bbox 338 2259 554 2338; baseline -0.005 -20"><span class='ocrx_word' id='word_1_112' title='bbox 338 2259 471 2338; x_wconf 89' lang='lat' dir='ltr'>ruptum</span> <span class='ocrx_word' id='word_1_113' title='bbox 498 2259 554 2320; x_wconf 88' lang='lat' dir='ltr'>est.</span> 
     </span>
    </p>

    <p class='ocr_par' dir='ltr' id='par_1_5' title="bbox 340 2365 1462 2561">
     <span class='ocr_line' id='line_1_16' title="bbox 385 2365 1460 2453; baseline 0.002 -22"><span class='ocrx_word' id='word_1_114' title='bbox 385 2369 412 2431; x_wconf 88' lang='lat'>5.</span> <span class='ocrx_word' id='word_1_115' title='bbox 444 2366 520 2432; x_wconf 82' lang='grc' dir='ltr'><em>πολὺ</em></span> <span class='ocrx_word' id='word_1_116' title='bbox 550 2367 581 2432; x_wconf 79' lang='grc' dir='ltr'>δὲ</span> <span class='ocrx_word' id='word_1_117' title='bbox 610 2365 751 2446; x_wconf 73' lang='grc' dir='ltr'><em>μέγιστον</em></span> <span class='ocrx_word' id='word_1_118' title='bbox 785 2365 1105 2453; x_wconf 58' lang='lat' dir='ltr'>(enascerentur)</span> <span class='ocrx_word' id='word_1_119' title='bbox 1131 2366 1209 2442; x_wconf 77' lang='grc' dir='ltr'><em>ὅστις</em></span> <span class='ocrx_word' id='word_1_120' title='bbox 1233 2368 1357 2448; x_wconf 73' lang='grc' dir='ltr'><em>μηδενὸς</em></span> <span class='ocrx_word' id='word_1_121' title='bbox 1379 2365 1460 2443; x_wconf 72' lang='grc' dir='ltr'><em>ἄξιος</em></span> 
     </span>
     <span class='ocr_line' id='line_1_17' title="bbox 340 2477 1462 2561; baseline 0.003 -16"><span class='ocrx_word' id='word_1_122' title='bbox 340 2479 378 2545; x_wconf 81' lang='grc' dir='ltr'>ὢν</span> <span class='ocrx_word' id='word_1_123' title='bbox 407 2478 584 2555; x_wconf 73' lang='grc' dir='ltr'><em>ἐξηπατήκοι</em></span> <span class='ocrx_word' id='word_1_124' title='bbox 615 2481 716 2545; x_wconf 79' lang='grc' dir='ltr'><em>πείθων</em></span> <span class='ocrx_word' id='word_1_125' title='bbox 747 2482 784 2552; x_wconf 78' lang='grc' dir='ltr'>ὥς</span> <span class='ocrx_word' id='word_1_126' title='bbox 807 2480 902 2552; x_wconf 76' lang='grc' dir='ltr'><em>ιἰιοινὸς</em></span> <span class='ocrx_word' id='word_1_127' title='bbox 925 2477 966 2555; x_wconf 77' lang='grc' dir='ltr'>εἶν</span> <span class='ocrx_word' id='word_1_128' title='bbox 990 2487 1044 2554; x_wconf 75' lang='grc' dir='ltr'>τῆς</span> <span class='ocrx_word' id='word_1_129' title='bbox 1066 2478 1177 2555; x_wconf 73' lang='grc' dir='ltr'><em>πόλεως</em></span> <span class='ocrx_word' id='word_1_130' title='bbox 1200 2483 1342 2561; x_wconf 71' lang='grc' dir='ltr'><em>ἡγεῖσθαι.</em></span> <span class='ocrx_word' id='word_1_131' title='bbox 1366 2482 1462 2548; x_wconf 86' lang='lat' dir='ltr'>Plus·</span> 
     </span>
    </p>
   </div>
   <div class='ocr_carea' id='block_1_3' title="bbox 339 2592 1461 2908">
    <p class='ocr_par' dir='ltr' id='par_1_6' title="bbox 339 2592 1461 2908">
     <span class='ocr_line' id='line_1_18' title="bbox 341 2592 1460 2681; baseline -0.001 -21"><span class='ocrx_word' id='word_1_132' title='bbox 341 2596 612 2680; x_wconf 87' lang='lat' dir='ltr'>quamperfeotum</span> <span class='ocrx_word' id='word_1_133' title='bbox 645 2592 823 2670; x_wconf 68' lang='grc' dir='ltr'><em>ἐξηπατήκοι</em></span> <span class='ocrx_word' id='word_1_134' title='bbox 847 2596 904 2658; x_wconf 84' lang='lat' dir='ltr'>vix</span> <span class='ocrx_word' id='word_1_135' title='bbox 927 2614 1092 2679; x_wconf 88' lang='lat' dir='ltr'>concoquo</span> <span class='ocrx_word' id='word_1_136' title='bbox 1116 2597 1298 2681; x_wconf 87' lang='lat' dir='ltr'>(opponitur</span> <span class='ocrx_word' id='word_1_137' title='bbox 1318 2599 1403 2661; x_wconf 87' lang='lat' dir='ltr'>enim</span> <span class='ocrx_word' id='word_1_138' title='bbox 1427 2598 1460 2660; x_wconf 92' lang='lat' dir='ltr'>in</span> 
     </span>
     <span class='ocr_line' id='line_1_19' title="bbox 339 2708 1461 2796; baseline 0.002 -24"><span class='ocrx_word' id='word_1_139' title='bbox 339 2709 601 2794; x_wconf 82' lang='lat' dir='ltr'>praecedentibus</span> <span class='ocrx_word' id='word_1_140' title='bbox 625 2710 785 2794; x_wconf 78' lang='lat' dir='ltr'>optativus</span> <span class='ocrx_word' id='word_1_141' title='bbox 809 2708 983 2793; x_wconf 85' lang='lat' dir='ltr'>imperfecti</span> <span class='ocrx_word' id='word_1_142' title='bbox 1005 2708 1195 2794; x_wconf 70' lang='grc' dir='ltr'><em>ἀποστεροίη),</em></span> <span class='ocrx_word' id='word_1_143' title='bbox 1219 2730 1324 2796; x_wconf 91' lang='lat' dir='ltr'>neque</span> <span class='ocrx_word' id='word_1_144' title='bbox 1343 2717 1461 2792; x_wconf 84' lang='lat' dir='ltr'>tamen,</span> 
     </span>
     <span class='ocr_line' id='line_1_20' title="bbox 341 2822 1103 2908; baseline -0.001 -21"><span class='ocrx_word' id='word_1_145' title='bbox 341 2823 418 2908; x_wconf 91' lang='lat' dir='ltr'>quid</span> <span class='ocrx_word' id='word_1_146' title='bbox 440 2822 623 2908; x_wconf 85' lang='lat' dir='ltr'>Xenophon</span> <span class='ocrx_word' id='word_1_147' title='bbox 646 2823 808 2907; x_wconf 84' lang='lat' dir='ltr'>scripserit</span> <span class='ocrx_word' id='word_1_148' title='bbox 830 2824 981 2908; x_wconf 82' lang='lat' dir='ltr'>indagare</span> <span class='ocrx_word' id='word_1_149' title='bbox 1003 2825 1103 2907; x_wconf 93' lang='lat' dir='ltr'>potui.</span> 
     </span>
    </p>
   </div>
   <div class='ocr_carea' id='block_1_4' title="bbox 806 3101 997 3110">
    <p class='ocr_par' dir='ltr' id='par_1_7' title="bbox 806 3101 997 3110">
     <span class='ocr_line' id='line_1_21' title="bbox 806 3101 997 3110; baseline 0 0"><span class='ocrx_word' id='word_1_150' title='bbox 806 3101 997 3110; x_wconf 74' lang='lat'>--—·-—-</span> 
     </span>
    </p>
   </div>
   <div class='ocr_carea' id='block_1_5' title="bbox 778 3327 1029 3394">
    <p class='ocr_par' dir='ltr' id='par_1_8' title="bbox 778 3327 1029 3394">
     <span class='ocr_line' id='line_1_22' title="bbox 778 3327 1029 3394; baseline -0.004 -1"><span class='ocrx_word' id='word_1_151' title='bbox 778 3327 953 3394; x_wconf 78' lang='lat' dir='ltr'>LIBER</span> <span class='ocrx_word' id='word_1_152' title='bbox 988 3327 1029 3393; x_wconf 89' lang='lat' dir='ltr'>H.</span> 
     </span>
    </p>
   </div>
   <div class='ocr_carea' id='block_1_6' title="bbox 340 3511 1463 4395">
    <p class='ocr_par' dir='ltr' id='par_1_9' title="bbox 340 3511 1462 4169">
     <span class='ocr_line' id='line_1_23' title="bbox 385 3511 1460 3600; baseline -0.001 -21"><span class='ocrx_word' id='word_1_153' title='bbox 385 3514 487 3600; x_wconf 81' lang='lat' dir='ltr'>Caput</span> <span class='ocrx_word' id='word_1_154' title='bbox 515 3515 540 3592; x_wconf 87' lang='lat' dir='ltr'>I,</span> <span class='ocrx_word' id='word_1_155' title='bbox 571 3516 599 3578; x_wconf 91' lang='lat'>3.</span> <span class='ocrx_word' id='word_1_156' title='bbox 630 3513 663 3578; x_wconf 82' lang='grc' dir='ltr'>τὸ</span> <span class='ocrx_word' id='word_1_157' title='bbox 693 3514 794 3591; x_wconf 65' lang='lat' dir='ltr'>paese</span> <span class='ocrx_word' id='word_1_158' title='bbox 817 3511 843 3577; x_wconf 76' lang='grc' dir='ltr'>εἷ</span> <span class='ocrx_word' id='word_1_159' title='bbox 862 3537 890 3579; x_wconf 94' lang='grc' dir='ltr'>τι</span> <span class='ocrx_word' id='word_1_160' title='bbox 915 3512 1073 3589; x_wconf 73' lang='grc' dir='ltr'><em>ἐπιτήδειόν</em></span> <span class='ocrx_word' id='word_1_161' title='bbox 1095 3513 1156 3578; x_wconf 87' lang='grc' dir='ltr'><em>ε’ττι</em></span> <span class='ocrx_word' id='word_1_162' title='bbox 1179 3511 1311 3593; x_wconf 64' lang='lat' dir='ltr'>[addara</span> <span class='ocrx_word' id='word_1_163' title='bbox 1333 3512 1403 3595; x_wconf 79' lang='grc' dir='ltr'><em>πρδς</em></span> <span class='ocrx_word' id='word_1_164' title='bbox 1426 3514 1460 3578; x_wconf 84' lang='grc' dir='ltr'>τὸ</span> 
     </span>
     <span class='ocr_line' id='line_1_24' title="bbox 340 3626 1462 3710; baseline 0.001 -17"><span class='ocrx_word' id='word_1_165' title='bbox 340 3635 452 3710; x_wconf 81' lang='grc' dir='ltr'><em>κροτεῖν</em></span> <span class='ocrx_word' id='word_1_166' title='bbox 480 3632 535 3692; x_wconf 80' lang='grc' dir='ltr'>τῶν</span> <span class='ocrx_word' id='word_1_167' title='bbox 557 3627 727 3692; x_wconf 76' lang='grc' dir='ltr'><em>οξντιποὶλων</em></span> <span class='ocrx_word' id='word_1_168' title='bbox 750 3626 857 3709; x_wconf 79' lang='grc' dir='ltr'><em>ποτέρῳ</em></span> <span class='ocrx_word' id='word_1_169' title='bbox 880 3626 916 3693; x_wconf 80' lang='grc' dir='ltr'>ἂν</span> <span class='ocrx_word' id='word_1_170' title='bbox 940 3633 1080 3709; x_wconf 73' lang='grc' dir='ltr'><em>προτεῖνον</em></span> <span class='ocrx_word' id='word_1_171' title='bbox 1104 3630 1221 3706; x_wconf 73' lang='grc' dir='ltr'><em>μᾶλλον</em></span> <span class='ocrx_word' id='word_1_172' title='bbox 1246 3626 1354 3708; x_wconf 76' lang='grc' dir='ltr'><em>πρέποι.</em></span> <span class='ocrx_word' id='word_1_173' title='bbox 1380 3628 1412 3692; x_wconf 85' lang='grc' dir='ltr'>Ν</span> <span class='ocrx_word' id='word_1_174' title='bbox 1414 3629 1462 3694; x_wconf 92' lang='lat' dir='ltr'>ul·</span> 
     </span>
     <span class='ocr_line' id='line_1_25' title="bbox 340 3741 1462 3827; baseline -0.001 -20"><span class='ocrx_word' id='word_1_175' title='bbox 340 3744 405 3807; x_wconf 90' lang='lat' dir='ltr'>lam</span> <span class='ocrx_word' id='word_1_176' title='bbox 428 3763 556 3808; x_wconf 87' lang='lat' dir='ltr'>oausam</span> <span class='ocrx_word' id='word_1_177' title='bbox 581 3743 683 3827; x_wconf 87' lang='lat' dir='ltr'>video,</span> <span class='ocrx_word' id='word_1_178' title='bbox 707 3744 786 3826; x_wconf 90' lang='lat' dir='ltr'>quin</span> <span class='ocrx_word' id='word_1_179' title='bbox 811 3746 841 3806; x_wconf 87' lang='lat' dir='ltr'>et</span> <span class='ocrx_word' id='word_1_180' title='bbox 864 3742 916 3806; x_wconf 90' lang='lat' dir='ltr'>hio</span> <span class='ocrx_word' id='word_1_181' title='bbox 939 3743 1064 3827; x_wconf 84' lang='lat' dir='ltr'>legatur</span> <span class='ocrx_word' id='word_1_182' title='bbox 1086 3741 1255 3823; x_wconf 74' lang='grc' dir='ltr'><em>προςθεῖνοιι,</em></span> <span class='ocrx_word' id='word_1_183' title='bbox 1279 3742 1367 3826; x_wconf 89' lang='lat' dir='ltr'>quod</span> <span class='ocrx_word' id='word_1_184' title='bbox 1391 3761 1462 3806; x_wconf 81' lang='lat' dir='ltr'>rer·</span> 
     </span>
     <span class='ocr_line' id='line_1_26' title="bbox 340 3853 1461 3941; baseline 0 -21"><span class='ocrx_word' id='word_1_185' title='bbox 340 3854 421 3920; x_wconf 90' lang='lat' dir='ltr'>bum</span> <span class='ocrx_word' id='word_1_186' title='bbox 450 3858 485 3920; x_wconf 89' lang='lat' dir='ltr'>in</span> <span class='ocrx_word' id='word_1_187' title='bbox 515 3855 778 3941; x_wconf 81' lang='lat' dir='ltr'>praecedentibus</span> <span class='ocrx_word' id='word_1_188' title='bbox 806 3861 872 3920; x_wconf 87' lang='lat' dir='ltr'>tam</span> <span class='ocrx_word' id='word_1_189' title='bbox 903 3855 1055 3940; x_wconf 88' lang='lat' dir='ltr'>frequens</span> <span class='ocrx_word' id='word_1_190' title='bbox 1078 3861 1133 3921; x_wconf 88' lang='lat' dir='ltr'>est.</span> <span class='ocrx_word' id='word_1_191' title='bbox 1157 3853 1240 3920; x_wconf 90' lang='lat' dir='ltr'>Nam</span> <span class='ocrx_word' id='word_1_192' title='bbox 1263 3856 1349 3940; x_wconf 88' lang='lat' dir='ltr'>quod</span> <span class='ocrx_word' id='word_1_193' title='bbox 1373 3875 1461 3920; x_wconf 89' lang='lat' dir='ltr'>nunc</span> 
     </span>
     <span class='ocr_line' id='line_1_27' title="bbox 342 3969 1459 4056; baseline -0.003 -20"><span class='ocrx_word' id='word_1_194' title='bbox 342 3969 486 4036; x_wconf 83' lang='lat' dir='ltr'>Socrates</span> <span class='ocrx_word' id='word_1_195' title='bbox 516 3975 616 4056; x_wconf 87' lang='lat' dir='ltr'>rogat,</span> <span class='ocrx_word' id='word_1_196' title='bbox 640 3990 705 4034; x_wconf 92' lang='lat' dir='ltr'>non</span> <span class='ocrx_word' id='word_1_197' title='bbox 735 3972 844 4034; x_wconf 90' lang='lat' dir='ltr'>minus</span> <span class='ocrx_word' id='word_1_198' title='bbox 868 3969 1043 4035; x_wconf 88' lang='lat' dir='ltr'>absurdum</span> <span class='ocrx_word' id='word_1_199' title='bbox 1067 3975 1123 4053; x_wconf 86' lang='lat' dir='ltr'>est,</span> <span class='ocrx_word' id='word_1_200' title='bbox 1148 3990 1243 4054; x_wconf 88' lang='lat' dir='ltr'>quam</span> <span class='ocrx_word' id='word_1_201' title='bbox 1268 3972 1296 4035; x_wconf 86' lang='lat' dir='ltr'>si</span> <span class='ocrx_word' id='word_1_202' title='bbox 1318 3975 1459 4054; x_wconf 86' lang='lat' dir='ltr'>rogaret:</span> 
     </span>
     <span class='ocr_line' id='line_1_28' title="bbox 345 4082 1460 4169; baseline -0.002 -21"><span class='ocrx_word' id='word_1_203' title='bbox 345 4083 481 4167; x_wconf 89' lang='lat' dir='ltr'>„utrum</span> <span class='ocrx_word' id='word_1_204' title='bbox 495 4087 671 4169; x_wconf 84' lang='lat' dir='ltr'>sapientem</span> <span class='ocrx_word' id='word_1_205' title='bbox 683 4104 725 4147; x_wconf 89' lang='lat' dir='ltr'>an</span> <span class='ocrx_word' id='word_1_206' title='bbox 738 4085 873 4148; x_wconf 88' lang='lat' dir='ltr'>stultum</span> <span class='ocrx_word' id='word_1_207' title='bbox 886 4084 976 4148; x_wconf 88' lang='lat' dir='ltr'>decet</span> <span class='ocrx_word' id='word_1_208' title='bbox 987 4084 1116 4148; x_wconf 89' lang='lat' dir='ltr'>doctum</span> <span class='ocrx_word' id='word_1_209' title='bbox 1129 4084 1332 4167; x_wconf 85' lang='lat' dir='ltr'>peritumque</span> <span class='ocrx_word' id='word_1_210' title='bbox 1344 4101 1414 4148; x_wconf 86' lang='lat' dir='ltr'>osse</span> <span class='ocrx_word' id='word_1_211' title='bbox 1423 4082 1460 4146; x_wconf 80' lang='lat'>?&#39;’</span> 
     </span>
    </p>

    <p class='ocr_par' dir='ltr' id='par_1_10' title="bbox 341 4188 1463 4395">
     <span class='ocr_line' id='line_1_29' title="bbox 388 4188 1457 4277; baseline -0.001 -18"><span class='ocrx_word' id='word_1_212' title='bbox 388 4198 415 4261; x_wconf 78' lang='lat'>7.</span> <span class='ocrx_word' id='word_1_213' title='bbox 438 4196 537 4271; x_wconf 67' lang='grc' dir='ltr'><em>ἐπειδὴ</em></span> <span class='ocrx_word' id='word_1_214' title='bbox 558 4196 609 4262; x_wconf 69' lang='lat' dir='ltr'>aa&gt;</span> <span class='ocrx_word' id='word_1_215' title='bbox 632 4195 739 4261; x_wconf 83' lang='grc' dir='ltr'><em>τούτων</em></span> <span class='ocrx_word' id='word_1_216' title='bbox 759 4195 893 4277; x_wconf 81' lang='grc' dir='ltr'><em>ἐκοιτέρον</em></span> <span class='ocrx_word' id='word_1_217' title='bbox 915 4199 966 4260; x_wconf 81' lang='grc' dir='ltr'>τοῦ</span> <span class='ocrx_word' id='word_1_218' title='bbox 990 4194 1087 4277; x_wconf 76' lang='grc' dir='ltr'><em>Φόλον</em></span> <span class='ocrx_word' id='word_1_219' title='bbox 1110 4197 1163 4268; x_wconf 71' lang='grc' dir='ltr'>τὴν</span> <span class='ocrx_word' id='word_1_220' title='bbox 1186 4191 1270 4270; x_wconf 75' lang='grc' dir='ltr'><em>τοέξιν</em></span> <span class='ocrx_word' id='word_1_221' title='bbox 1293 4188 1373 4259; x_wconf 71' lang='lat' dir='ltr'>cirta</span> <span class='ocrx_word' id='word_1_222' title='bbox 1398 4194 1457 4260; x_wconf 80' lang='grc' dir='ltr'><em>ιιτὲ.</em></span> 
     </span>
     <span class='ocr_line' id='line_1_30' title="bbox 341 4309 1463 4395; baseline -0.005 -17"><span class='ocrx_word' id='word_1_223' title='bbox 341 4310 521 4378; x_wconf 76' lang='lat' dir='ltr'>Eximenda</span> <span class='ocrx_word' id='word_1_224' title='bbox 552 4312 678 4377; x_wconf 87' lang='lat' dir='ltr'>videtur</span> <span class='ocrx_word' id='word_1_225' title='bbox 707 4311 862 4395; x_wconf 89' lang='lat' dir='ltr'>particula</span> <span class='ocrx_word' id='word_1_226' title='bbox 892 4309 958 4374; x_wconf 70' lang='lat' dir='ltr'>aar:</span> <span class='ocrx_word' id='word_1_227' title='bbox 988 4310 1068 4373; x_wconf 90' lang='lat' dir='ltr'>nihil</span> <span class='ocrx_word' id='word_1_228' title='bbox 1092 4311 1177 4375; x_wconf 88' lang='lat' dir='ltr'>enim</span> <span class='ocrx_word' id='word_1_229' title='bbox 1201 4313 1258 4393; x_wconf 86' lang='lat' dir='ltr'>est,</span> <span class='ocrx_word' id='word_1_230' title='bbox 1282 4310 1368 4392; x_wconf 90' lang='lat' dir='ltr'>quod</span> <span class='ocrx_word' id='word_1_231' title='bbox 1389 4329 1463 4393; x_wconf 91' lang='lat' dir='ltr'>pro·</span> 
     </span>
    </p>
   </div>
   <div class='ocr_carea' id='block_1_7' title="bbox 0 0 1682 5260">
    <p class='ocr_par' dir='ltr' id='par_1_11' title="bbox 0 0 1682 5260">
     <span class='ocr_line' id='line_1_31' title="bbox 0 0 1682 5260; baseline 0 0"><span class='ocrx_word' id='word_1_232' title='bbox 0 0 1682 5260; x_wconf 95' lang='lat' dir='ltr'> </span> 
     </span>
    </p>
   </div>
  </div>
 </body>
</html>
