3348 5262
869 611 934 674 224

336 796 469 861 colenda
490 796 614 879 ritibus,
637 795 677 860 ad
698 796 857 861 eiusmodi
869 797 1095 880 cogitationem
1107 795 1224 861 adduci
1236 798 1345 880 possit,
1359 817 1464 880 quum

338 911 523 992 praesertim
559 929 634 973 cum
666 911 865 993 ignorantiae
896 909 1095 974 confessione
1126 910 1297 973 coniuncta
1329 928 1367 973 ea
1397 910 1465 974 sit?

338 1022 479 1106 Tamque
509 1042 623 1106 parum
654 1027 752 1087 totam
775 1023 863 1087 illam
888 1023 927 1087 de
951 1023 1072 1106 duplici
1093 1022 1220 1087 Venere
1244 1024 1464 1105 quaestionem

339 1141 430 1199 curat
450 1134 705 1220 Xenophonteus
729 1135 884 1218 Socratae,
903 1141 1024 1201 utnon
1043 1139 1127 1200 tecte
1146 1135 1202 1200 aed
1215 1155 1312 1218 quam
1323 1137 1466 1200 maxime

339 1249 505 1332 perspicue
541 1247 706 1332 significet,
737 1267 781 1332 ae,
810 1249 874 1312 nisi
905 1249 989 1312 inter
1012 1248 1165 1312 convivas
1189 1248 1253 1311 duo
1277 1247 1466 1331 adfuissent,

339 1381 478 1444 quorum
507 1362 647 1425 amicitia
677 1360 738 1426 sihi
761 1363 960 1426 occasionem
983 1380 1161 1444 ausamque
1183 1359 1348 1444 praeberet
1373 1361 1464 1424 hunc

337 1475 445 1540 locum
468 1481 631 1558 tamquam
657 1481 881 1540 ornamentum
904 1475 1098 1539 rhetoricum
1121 1475 1259 1539 orationi
1279 1493 1357 1539 suae
1377 1475 1466 1539 inse-

339 1589 440 1670 rendi,
460 1608 502 1653 ne
532 1587 664 1652 verbum
691 1587 819 1671 quidem
844 1587 883 1652 de
906 1587 961 1651 illa
984 1587 1145 1651 dicturum
1170 1586 1278 1652 fuisse.
1303 1586 1354 1651 Ita
1376 1588 1466 1651 enim

339 1703 459 1786 pergit:
491 1697 622 1772 είκοίσαις
654 1699 683 1763 δ’
709 1697 745 1763 όιν
773 1696 910 1770 aulacia
935 1695 1041 1778 ἔρωτας
1064 1697 1118 1771 τὴν
1140 1697 1196 1776 μὲν
1221 1695 1384 1776 Ποίνδιρμον
1407 1702 1466 1762 τῶν

339 1811 486 1892 σωμάτων
519 1812 706 1892 ἐπιπέμπειν,
741 1811 794 1885 πῖον
829 1812 855 1876 δ’
888 1811 1033 1893 Οὐρανίαν
1063 1818 1117 1885 τῆς
1148 1816 1254 1892 Ψυχῆς
1277 1810 1385 1876 τεκαὶ
1410 1818 1467 1886 τῆς

340 1928 444 2009 φιλίας
467 1927 516 1992 καί
539 1931 596 1992 τῶν
618 1930 717 1992 καλῶν
739 1925 836 2007 ἔργων.
862 1924 916 2007 ὑφ’
940 1919 972 1990 οὖ
995 1924 1029 1997 δὴ
1050 1924 1101 1989 καί
1122 1925 1168 1999 σὺ,
1189 1919 1210 1988 ὦ
1231 1924 1361 2000 Καλλία,
1375 1923 1467 1990 κατέ-

340 2040 452 2122 χεσόαί
479 2063 528 2119 μοι
557 2039 647 2111 δοκεῖς
671 2036 780 2119 ἔρωτος.
804 2037 1000 2118 τεκμαίρομαι
1023 2037 1055 2102 δὲ
1075 2045 1113 2118 τῇ
1136 2041 1187 2102 τοῦ
1211 2037 1350 2118 ἐρωμένου
1373 2051 1468 2102 καλο-

340 2154 472 2237 καγαθία
501 2151 553 2218 καί
585 2151 626 2217 ότι
657 2177 691 2217 σε
719 2151 769 2224 όρῶ
792 2153 841 2216 τὸν
865 2150 980 2232 πατέρα
1003 2152 1093 2216 αὐτοῦ
1117 2150 1401 2232 παραλαμβάνοντα
1424 2151 1468 2224 είς

341 2268 398 2341 τοὶς
427 2268 496 2348 πρός
526 2270 627 2331 τοῦτον
656 2263 816 2338 συνουσίας.
841 2265 939 2350 Apud
961 2265 1127 2329 Platonem
1155 2284 1231 2330 vero
1255 2267 1466 2329 convivarum

343 2382 406 2446 duo
437 2381 529 2445 docte
559 2385 590 2444 et
613 2380 740 2464 copiose
763 2380 802 2444 de
825 2384 962 2462 utraque
984 2378 1110 2443 Venere
1133 2378 1306 2463 disputant,
1331 2383 1363 2444 et
1388 2379 1470 2463 quid

343 2493 406 2558 sibi
437 2494 558 2576 duplex
586 2494 648 2556 ista
679 2489 765 2557 Deae
795 2496 910 2556 natura
941 2491 1026 2574 velit,
1049 2492 1266 2575 philosophice
1290 2496 1467 2576 exponunt

342 2606 427 2692 Ergo
455 2611 530 2687 post
563 2606 739 2688 Platonem,
769 2604 903 2686 lectoque
934 2606 1004 2669 eius
1036 2603 1191 2669 Convivia
1214 2604 1464 2688 Xenophontem

341 2723 481 2806 ingenue
516 2741 608 2785 suam
644 2739 714 2785 esse
746 2719 927 2785 confessum
958 2721 1173 2804 ignorantiam
1204 2712 1243 2784 de
1274 2740 1312 2784 ea
1340 2739 1386 2802 re,
1412 2721 1467 2785 cui

343 2835 550 2920 explicandae
572 2834 626 2899 ille
650 2839 775 2898 tantum
800 2853 913 2917 operae
936 2833 1066 2917 dederit,
1088 2853 1192 2916 nemo,
1211 2835 1463 2918 utopinor,cre-

344 2949 418 3014 dere
459 2950 582 3031 poterit.
619 2947 900 3011 Absurdissimum
937 2966 1012 3012 aero
1048 2949 1193 3012 omnium
1226 2952 1275 3012 eat
1308 2946 1467 3031 arbitrari,
1503 2963 1506 2968 ·

343 3061 590 3146 Xenophontem
614 3061 702 3125 nuda
723 3061 779 3124 illa
801 3062 1004 3145 simplicique
1027 3061 1227 3126 confessione
1246 3080 1280 3125 se
1300 3060 1469 3125 Platonem

342 3176 485 3256 refutare
506 3180 645 3258 putasse.

388 3288 427 3352 V.
452 3287 608 3364 Quintum
631 3293 858 3371 argumentum
881 3287 1031 3352 subtilius
1057 3288 1249 3372 quibusdam
1271 3289 1374 3353 videri
1394 3309 1469 3374 pos-

345 3404 404 3481 sit3
429 3407 478 3467 eet
501 3421 576 3466 vero
598 3406 664 3465 tam
687 3421 793 3486 grave,
817 3407 853 3465 ut
877 3401 931 3465 illo
954 3402 1022 3466 solo
1044 3406 1109 3467 tota
1129 3403 1346 3467 controversia
1358 3403 1467 3467 dirimi

345 3535 439 3600 posse
469 3516 624 3597 videatur,
648 3515 820 3578 dnmmodo
844 3516 914 3579 eiua
936 3515 986 3579 vis
1010 3517 1086 3579 satis
1110 3520 1256 3581 accurate
1279 3523 1469 3600 exponatur,

346 3631 431 3713 quod
463 3649 521 3713 ego
551 3629 654 3694 facere
677 3627 823 3692 conabor.
847 3629 945 3712 Apud
970 3634 1145 3712 utrumque
1169 3630 1352 3712 scriptorem
1376 3630 1469 3695 loeus

346 3748 395 3831 est
417 3743 455 3807 de
478 3742 604 3806 Achille
627 3741 848 3825 Patrocloque,
873 3741 928 3805 sed
952 3743 1031 3806 alter
1054 3741 1093 3806 ab
1114 3742 1211 3807 altero
1232 3742 1358 3807 diversa
1371 3743 1470 3808 docet.

345 3857 420 3941 Ipsa
442 3859 541 3942 igitur
563 3855 661 3920 verba
685 3855 798 3938 citabo,
822 3855 942 3939 quibus
965 3861 1101 3940 uterque
1126 3858 1245 3922 utitur:

390 3970 588 4056 Xenophon:
623 3968 788 4048 Ἀχιλλεὺς
824 3967 946 4049 Ὁμήρῳ
979 3968 1136 4042 πεποίηται
1166 3969 1224 4047 οὐχ
1255 3969 1292 4040 ὡς
1322 3968 1469 4041 παιδικοῖς

347 4083 505 4166 Πατρόκλῳ
535 4083 607 4148 ἀλλ’
639 4084 676 4155 ὡς
705 4082 805 4163 ἑταίρῳ
835 4080 1009 4147 οέποόανόνπι
1039 4079 1265 4162 όκπρεπέσταπα
1287 4086 1468 4161 τιμωρήσας.

390 4198 498 4262 Plato:
533 4195 687 4275 Αἰσχύλος
721 4196 752 4260 δὲ
785 4199 918 4276 φλυαρεῖ
948 4191 1074 4275 Φοίσκων
1106 4191 1263 4273 Ἀχιλλέα
1297 4191 1468 4274 Πατρόκλου

346 4312 421 4392 ἕροῖν,
450 4307 480 4382 ὃς
512 4304 546 4383 ἦν
575 4307 702 4373 καλλίων
732 4309 763 4372 οὐ
795 4305 879 4386 μόνον
907 4305 1076 4389 Πατρόκλου
1108 4306 1191 4371 οὶλλόο
1219 4303 1351 4370 καὶτῶν
1375 4305 1468 4387 ἡρώων
