3330 5262
762 562 826 624 389

234 749 342 814 Wolfii
375 752 405 812 et
434 746 619 811 Schneideri
651 747 832 810 coniectura
863 747 1052 830 particulam
1078 745 1120 823 μῆ
1145 749 1353 814 inserentium

237 863 300 946 (μῆ
335 858 555 946 ἐπιλαθέσθαι).
587 860 773 944 Requiritur
807 862 862 942 „si
892 861 1013 924 cladem
1037 867 1198 945 acceptam
1221 864 1355 927 victoria

235 995 440 1060 compensare
471 973 599 1038 vultis'’.
623 973 808 1058 Legendum
832 994 906 1059 ergo
930 980 1013 1039 esset
1035 973 1212 1051 ιἰναλαβεῑν,
1236 977 1299 1039 nisi
1322 977 1356 1039 id

233 1091 404 1174 avulgata
425 1089 561 1152 lectione
583 1089 720 1152 nimium
743 1088 910 1153 recederat.
937 1087 980 1152 cf.
1004 1087 1078 1172 VH,
1104 1089 1132 1171 5,
1157 1089 1214 1152 18:
1239 1088 1325 1169 λογιζ
1340 1126 1354 1137 -

234 1201 310 1282 μένῳ
333 1199 375 1265 ὅτι
398 1201 421 1264 εἶ
444 1201 499 1279 μὲν
523 1197 605 1281 νικῴη
629 1199 731 1264 πάντα
753 1205 853 1264 ταῦτα
877 1199 1068 1279 ἀναλήψοιτο.

277 1317 334 1400 IV,
359 1317 409 1380 32.
433 1315 485 1378 Ex
508 1317 691 1398 coniuratis,
712 1317 768 1399 qui
785 1315 933 1380 Iasonem
955 1316 1149 1399 occiderunt,
1169 1318 1354 1404 unus,dum

233 1431 380 1495 Iasonem
403 1429 484 1512 ferit,
507 1450 526 1492 a
549 1429 739 1494 satellitibus
763 1431 831 1513 ipse
855 1428 1050 1493 confoditur:
1075 1425 1165 1509 ἕτερος
1184 1429 1216 1492 δὲ
1234 1430 1354 1508 αναβας

233 1545 283 1625 ἐφ’
315 1540 402 1607 ἵππον
432 1541 677 1624 ἐγκαταληφθεὶς
707 1541 759 1607 καὶ
783 1541 883 1606 πολλοὶ
906 1540 1066 1623 τραύματα
1090 1543 1193 1620 λαβὼν
1216 1543 1353 1608 ἀπέθανε.

238 1657 506 1742 „Deprehendere
538 1656 678 1739 aliquem
708 1655 907 1741 fugientem'’
930 1659 993 1719 non
1020 1661 1076 1739 est,
1099 1662 1136 1720 ut
1159 1657 1279 1741 opinor,
1302 1658 1354 1735 ἐγ-

235 1767 493 1848 καταλαμβάνειν,
519 1771 575 1835 sed
597 1767 857 1847 καταλαμβάνειν.
881 1769 966 1854 Lege
989 1789 1063 1855 ergo
1085 1769 1297 1850 καταληφέεές.

280 1883 382 1968 Caput
404 1883 445 1967 V,
470 1885 498 1946 6.
523 1886 591 1946 Τῶν
614 1883 645 1946 δὲ
668 1887 827 1961 Τεγεατῶν
850 1883 874 1947 οἱ
897 1883 951 1961 μέν
971 1882 1034 1964 περὶ
1053 1883 1102 1947 τὸν
1122 1882 1282 1961 Καλλίβιον
1302 1882 1353 1948 καὶ

235 1993 372 2078 Πρόξενον
403 2002 526 2074 συνῆγον
557 1994 606 2060 ἐπὶ
636 1996 670 2060 τὸ
700 1994 823 2060 συνιέναι
853 2020 886 2060 τε
909 1999 969 2060 παν
992 1996 1024 2060 τὸ
1048 1994 1229 2076 Ἀρκαδικόν,
1252 1995 1305 2060 καὶ
1329 1995 1352 2070 ὅ,

233 2133 260 2174 τι
284 2107 367 2190 νικῴη
391 2111 420 2172 έν
443 2112 483 2190 τῷ
507 2110 596 2190 κοινῷ,
620 2114 704 2174 τοῦτο
728 2109 817 2190 κύριον
840 2103 910 2174 εἶναι
934 2107 986 2174 καὶ
1009 2113 1064 2173 τῶν
1087 2108 1206 2178 πόλεσιν.
1231 2111 1353 2176 Vereor

233 2228 270 2288 ut
293 2244 371 2288 sana
394 2224 471 2288 haec
495 2225 575 2288 sint:
600 2231 654 2289 aut
674 2226 759 2290 enim
779 2226 839 2288 τᾶν
858 2225 891 2289 τὸ
911 2223 1086 2305 Ἀρκαδικόν
1106 2225 1286 2291 subiectum
1305 2232 1355 2292 est

232 2338 384 2403 infinitivi
406 2336 538 2412 συνιέναι,
563 2345 632 2403 tum
657 2340 734 2422 quid
757 2339 915 2423 significet
934 2337 1068 2417 σνννέγειν
1089 2339 1354 2406 obscurissimum

234 2458 298 2533 est;
332 2458 388 2516 ant
420 2453 579 2516 obiectum
610 2452 700 2516 verbi
723 2460 855 2530 συνῆγον,
880 2459 949 2517 tum
972 2451 1021 2516 ἐπὶ
1045 2453 1077 2516 τὸ
1101 2451 1222 2516 συνιέναι
1247 2455 1353 2539 inepte

233 2570 264 2629 et
295 2584 425 2648 prorsus
452 2565 609 2630 inutiliter
631 2565 765 2629 additur.
785 2565 898 2630 ‘Minus
922 2568 1017 2630 etiam
1040 2566 1202 2650 probabile
1224 2567 1353 2632 videtur

233 2700 252 2742 a
282 2678 379 2743 verbo
410 2685 544 2756 συνῆγον,
563 2680 701 2763 pendere
732 2699 825 2763 posse
853 2682 1072 2744 accusativum
1097 2700 1170 2744 cum
1192 2680 1352 2744 infinitivo

233 2797 318 2856 τοῦτο
343 2790 432 2872 κύριον
455 2786 534 2855 εἶναι.
558 2792 598 2856 In
621 2792 717 2857 verbo
741 2799 848 2857 autem
870 2801 993 2871 συνῆγον
1017 2795 1132 2857 vitium
1151 2795 1249 2859 latere
1267 2795 1354 2859 vide-

233 2915 294 2988 tur,
318 2905 373 2970 sed
396 2906 577 2969 cuiusmodi
598 2906 680 2969 illud
703 2907 744 2971 sit
769 2911 906 2970 statuere
926 2926 991 2970 non
1011 2927 1151 2991 possum.
1171 2907 1257 2971 Illud
1277 2927 1351 2972 vero

233 3026 355 3084 certum
383 3019 511 3083 videtur
534 3039 551 3083 e
576 3018 681 3084 verbis
705 3017 835 3082 καὶτῶν
859 3018 969 3083 πόλεων
993 3025 1049 3084 aut
1071 3019 1124 3083 καί
1145 3020 1352 3084 eximendum

233 3153 311 3213 esse,
335 3137 391 3196 aut
413 3152 470 3217 pro
492 3130 545 3195 καί
564 3133 735 3217 legendum
758 3136 870 3196 πασῶν.

276 3246 317 3329 V,
349 3247 376 3309 7.
413 3245 543 3310 Callibio
574 3252 605 3311 et
635 3246 782 3311 Proxeno
807 3266 982 3330 eorumque
1005 3248 1146 3311 consiliis
1170 3248 1351 3312 adversaria

233 3375 280 3424 est
311 3358 449 3443 Stasippi
472 3358 583 3422 factio:
607 3359 662 3422 illa
685 3361 771 3424 enim
794 3365 855 3431 τοῖς
878 3358 1006 3439 πατρίοις
1028 3360 1154 3440 χρῆσέαι
1178 3357 1272 3437 νόμοις
1298 3381 1353 3425 vo·

232 3472 324 3536 lebat
355 3472 501 3556 Superati
531 3474 566 3535 in
589 3474 722 3537 consilio
745 3473 873 3557 publico
896 3475 1103 3558 Tegeatarum
1126 3473 1297 3539 Proxenus
1322 3480 1353 3540 et

235 3584 385 3650 Callibius
420 3584 601 3661 certiorarer,
632 3585 655 3649 εἰ
686 3584 811 3651 συνέλθοι
842 3586 855 3649 ὅ
887 3587 988 3662 δῆμος,
1021 3585 1096 3650 πολι)
1127 3584 1163 3649 ἂν
1185 3587 1225 3666 τῷ
1249 3586 1352 3660 πλῆθει

232 3704 385 3777 κρατῆσαι,
409 3696 578 3778 ἐκφέρονται
600 3696 641 3761 τοὶ
664 3695 751 3761 ὅπλα.
778 3697 882 3770 ἰδόντες
906 3700 936 3763 δὲ
961 3703 1046 3763 τοῦτο
1068 3699 1092 3763 οἱ
1114 3697 1178 3780 περὶ
1198 3700 1246 3764 τὸν
1270 3699 1352 3764 Στοὶ-

232 3833 347 3884 σιππου,
379 3809 430 3874 καὶ
462 3810 545 3874 αὐτοὶ
577 3809 804 3883 ανέωπλέσαντο,
837 3810 888 3875 καὶ
920 3812 1028 3892 ἀριθμῷ
1056 3811 1111 3888 μὲν
1136 3813 1187 3876 οὐκ
1209 3811 1353 3887 έλοέττους

232 3923 362 4002 ἐγένοντο
385 3923 446 3988 κτέ.
470 3924 637 3989 Probabile
660 3944 725 3989 non
749 3934 796 3990 est
816 3925 954 4010 Stasippi
972 3926 1150 4009 factionem,
1164 3946 1246 4011 quae
1266 3927 1352 3992 haud

234 4039 330 4102 dubie
360 4058 401 4102 ex
432 4038 638 4122 optimatibus
671 4039 844 4122 constabat,
874 4059 1007 4104 numero
1032 4043 1227 4125 superiorem
1253 4039 1352 4105 fuisse

233 4152 422 4216 adversariis
453 4159 508 4215 aut
539 4152 648 4217 saltem
681 4171 746 4215 non
776 4153 973 4217 inferiorem:
1001 4154 1073 4218 illos
1097 4155 1183 4218 enim
1206 4154 1352 4218 homines

234 4266 401 4351 populares
432 4265 532 4330 fuisse
563 4273 594 4331 et
625 4287 643 4330 a
671 4268 787 4351 populo
819 4269 977 4331 auxilinm
1002 4273 1107 4352 petere
1132 4270 1353 4334 enarratione
