3352 5260
816 631 878 696 140

423 821 494 883 nias
525 817 759 883 defendendum
785 818 847 882 hoc
870 819 972 901 capite
995 817 1166 901 confertur,
1189 838 1295 903 neque
1319 820 1411 903 quid-

424 952 520 1016 quam
546 936 702 1013 narratur,
726 950 791 1014 quo
810 932 929 1016 egregii
949 932 1010 995 viri
1030 933 1163 997 virtutes
1181 933 1411 1017 inaequalium

425 1046 611 1109 memoriam
641 1049 841 1109 revocentur.
869 1043 955 1129 Ergo
978 1051 1050 1129 post
1072 1065 1193 1111 annum
1218 1047 1412 1131 enipeum

424 1158 671 1242 Xenophontem
694 1157 774 1221 illud
794 1156 1057 1224 Memorabilibus
1077 1161 1146 1224 suis
1164 1161 1340 1224 inseruisse
1358 1160 1412 1224 ad-

425 1271 556 1336 modum
579 1269 743 1354 probabile
766 1270 901 1334 videtur.

471 1382 564 1459 Quod
587 1383 627 1448 de
649 1383 750 1468 capite
773 1381 804 1445 V
827 1383 981 1466 dicebam,
1003 1384 1089 1449 idem
1109 1384 1148 1450 de
1168 1387 1272 1470 capite
1290 1385 1413 1450 VIdioi

424 1502 545 1582 potest:
576 1516 643 1560 non
675 1515 757 1581 nego
781 1497 1014 1582 elegantissime
1037 1500 1192 1583 scriptum
1216 1517 1295 1580 esse,
1318 1499 1414 1564 collo·

426 1612 614 1694 quiumque,
645 1610 732 1693 quod
760 1630 835 1673 cum
859 1609 1023 1675 Glaucone
1046 1611 1189 1688 habetur,
1213 1612 1336 1676 elenchi
1359 1611 1416 1677 So·

425 1723 535 1786 cratici
569 1724 733 1807 egregium
768 1721 918 1806 praebere
954 1724 1156 1807 exemplum:
1189 1730 1415 1808 argumentum

425 1841 542 1918 tamen,
574 1834 613 1899 de
643 1853 707 1918 quo
740 1834 930 1920 disputatur,
960 1834 1170 1920 Xenophonti
1191 1838 1293 1920 magis
1318 1856 1415 1920 quam

425 1947 547 2012 Socrati
574 1947 662 2011 cordi
684 1946 784 2011 luisse
806 1966 901 2011 nemo
925 1946 1062 2031 negabit
1086 1948 1278 2013 Praesertim
1302 1948 1342 2013 de
1364 1950 1415 2031 iis,

426 2080 508 2145 quae
532 2062 551 2143 ξ
577 2062 618 2123 12
643 2060 804 2144 leguntur,
829 2058 986 2125 affirmare
1009 2061 1070 2124 hoc
1092 2061 1174 2125 licet.

469 2174 522 2238 Ad
534 2175 639 2258 ipsum
653 2171 813 2237 Socratem
828 2173 1087 2256 cognoscendum
1100 2174 1308 2239 utilissimum
1321 2180 1417 2258 caput

426 2290 598 2372 septimum
628 2292 692 2351 est:
724 2305 766 2350 ex
795 2305 832 2350 eo
861 2289 947 2350 enim
978 2286 1140 2369 discimus,
1163 2287 1324 2353 Socratem
1350 2308 1415 2352 non

427 2402 531 2465 solum
562 2406 746 2483 arrogantes
777 2399 923 2463 homines
946 2398 1111 2482 refutasse,
1134 2419 1311 2484 eorumque
1336 2400 1417 2465 stul-

426 2514 527 2577 titiam
540 2512 818 2596 ignorantiamque
828 2513 1066 2595 perstrinxisse,
1078 2512 1134 2577 sed
1145 2514 1306 2577 interdum
1319 2514 1415 2578 etiam

425 2626 507 2708 illoe,
538 2627 595 2710 qui
622 2628 707 2690 iusto
733 2627 977 2692 verecundiores
1000 2633 1115 2710 essent,
1137 2628 1296 2709 incitasse,
1319 2633 1356 2691 ut
1379 2647 1417 2692 ea

428 2758 525 2804 onera
554 2739 762 2823 susciperent,
793 2739 913 2823 quibus
942 2739 1138 2824 perferendis
1168 2740 1255 2805 haud
1277 2742 1416 2825 impares

426 2853 621 2918 viderentur.

338 2967 547 3049 Paucissima,
570 2972 608 3031 ut
630 2985 671 3031 ex
694 2967 755 3030 hoc
778 2971 952 3050 conspectu
974 2972 1112 3051 apparet,
1136 2972 1220 3050 sunt,
1245 2987 1327 3051 quae
1347 2987 1417 3052 sep-

294 3085 359 3148 tem
389 3079 555 3164 capitibus,
586 3080 624 3144 de
655 3078 774 3163 quibus
798 3079 968 3162 disputavi,
990 3079 1163 3163 improbari
1186 3081 1327 3164 possint:
1351 3081 1417 3165 ple-

293 3213 394 3278 raque
427 3194 535 3257 omnia
565 3193 839 3276 praestantissima
870 3198 955 3275 sunt,
986 3211 1177 3277 summaque
1208 3193 1417 3259 admiratione

295 3308 400 3392 digna.
424 3306 553 3370 Mallem
577 3325 619 3370 ex
641 3304 904 3370 Memorabilibus
927 3310 1051 3389 praeter
1073 3306 1129 3370 illa
1151 3309 1255 3391 capita
1278 3308 1358 3371 nihil
1377 3308 1417 3372 ad

294 3439 354 3484 nos
383 3420 576 3503 pervenisse,
607 3437 703 3502 quam
730 3419 786 3482 toti
809 3417 891 3482 libro
915 3424 1041 3483 servato
1063 3424 1111 3483 tot
1134 3425 1304 3504 tantasque
1327 3422 1416 3504 inep-

294 3535 355 3598 tiae
385 3532 583 3596 adhaesisse:
615 3532 717 3595 multo
748 3532 834 3596 enim
866 3533 1002 3615 aequius
1032 3533 1215 3616 iustiusque
1247 3532 1286 3596 de
1309 3531 1419 3597 Xeno-

294 3647 412 3731 phonte
434 3647 587 3729 scriptore
608 3644 763 3708 iudicium
789 3642 872 3708 ferre
894 3644 1010 3716 liceret,
1033 3644 1135 3708 multo
1159 3645 1267 3708 minus
1286 3647 1417 3709 meritae

295 3761 365 3824 eius
394 3758 506 3822 laudes
530 3762 638 3822 essent
660 3756 855 3821 obscuratae.
879 3755 976 3820 Nunc
998 3758 1093 3821 etiam
1116 3762 1213 3840 atque
1236 3759 1332 3822 etiam
1355 3757 1418 3822 lec-

295 3876 345 3937 tor
375 3870 596 3936 admonendus
627 3875 684 3952 eet,
715 3875 752 3934 ut
782 3871 947 3954 egregium
969 3870 1056 3934 hunc
1079 3870 1186 3935 locum
1210 3873 1418 3955 -satisque

294 3986 411 4070 longus
441 3986 471 4049 is
501 3989 550 4049 est
573 4021 615 4030 —
639 3988 671 4048 et
701 4002 821 4066 paucos
850 3982 929 4047 alios
952 3984 986 4046 in
1009 3983 1153 4067 legendis
1176 3982 1418 4048 Commentariis

296 4098 335 4162 de
364 4097 493 4162 Socrate
525 4116 650 4181 semper
673 4101 746 4160 ante
770 4096 880 4160 oculos
903 4095 1034 4160 habeat:
1059 4099 1106 4161 sic
1129 4098 1224 4179 enim,
1245 4096 1323 4180 quid
1346 4116 1418 4161 aera

294 4211 416 4295 lupinis
448 4210 575 4292 distent,
605 4210 639 4274 id
670 4215 728 4292 est,
759 4209 837 4293 quid
860 4208 1077 4292 Xenophonti,
1101 4210 1179 4293 quid
1202 4210 1418 4294 interpolatori

297 4322 503 4389 tribuendum
536 4325 585 4407 sit,
617 4326 702 4388 reete
735 4323 907 4407 dignoscet,
929 4322 1096 4407 multoque
1123 4323 1276 4388 audacior
1298 4325 1357 4389 erit
1379 4324 1420 4388 ad
