3354 5268
783 621 824 679 43

243 803 288 864 ita
323 807 447 866 tantum
481 802 649 866 adhibetur
683 807 719 866 ut
748 801 831 866 aaa
867 803 1002 867 addatur
1035 805 1129 887 (quae
1160 823 1284 888 semper
1314 808 1363 870 est

244 917 451 980 usitatissima
481 917 625 998 iunctio),
647 918 679 979 in
705 916 845 980 s'aouudo
869 936 1036 1000 nunquam
1061 917 1185 1000 legitur,
1207 919 1284 1001 quin
1306 927 1362 982 aut

244 1027 296 1092 aa}
323 1035 380 1094 aut
410 1027 493 1093 alas
524 1035 745 1114 praeponatur,
768 1033 802 1093 in
827 1030 907 1093 libro
930 1032 1022 1094 tertio
1046 1031 1168 1094 aooedit
1192 1029 1251 1107 μήν
1274 1051 1363 1114 prae·

244 1143 374 1208 cedente
407 1167 452 1226 γε,
485 1146 523 1207 in'
550 1146 653 1227 primo
677 1145 741 1207 iam
765 1144 864 1228 nullis
888 1150 937 1208 est
958 1145 1219 1227 circumscriptus
1241 1143 1361 1208 finibus

244 1259 418 1340 particulae
451 1258 510 1334 μήν
545 1277 633 1322 usus.
669 1257 754 1342 Ergo
784 1257 859 1320 inde
892 1257 1038 1321 oonfioiet
1061 1256 1280 1322 Memorabilia
1303 1259 1363 1321 hoo

245 1372 354 1436 ordino
378 1374 494 1455 soripta
517 1391 595 1452 esse,
619 1377 655 1435 ut
679 1373 824 1436 omnium
847 1372 889 1435 sit
909 1365 1155 1455 antiquissimus
1175 1371 1256 1436 liber
1269 1391 1363 1455 quar-

244 1491 306 1565 tuS,
340 1486 415 1548 huio
445 1490 555 1568 postea
584 1487 648 1549 sint
678 1485 777 1548 additi
809 1485 970 1549 secundus
993 1486 1179 1568 tertiusque,
1201 1490 1362 1568 postremo

244 1600 366 1683 primus
403 1600 578 1663 aooessem‘t.
608 1598 727 1662 Tamen
760 1619 798 1662 aa
829 1598 1085 1663 Memorabilium
1108 1604 1222 1662 natura
1246 1604 1304 1681 est,
1328 1605 1365 1662 ut

244 1712 336 1776 facile
360 1712 445 1775 orodi
468 1713 577 1795 possit,
600 1732 665 1775 nou
688 1712 783 1796 paulo
807 1712 862 1776 sed
885 1712 1007 1794 aliquot
1027 1713 1120 1775 annis
1140 1717 1212 1794 post
1223 1713 1363 1795 primum

245 1827 398 1909 seriptum
434 1845 503 1890 asso
536 1826 655 1890 librum
687 1832 854 1909 quartum:
887 1827 1003 1890 sensim
1038 1827 1122 1889 enim
1154 1830 1231 1909 puto
1256 1825 1364 1890 Xeno-

244 1941 395 2024 phontem
420 1940 502 2002 diota
527 1945 558 2004 et
577 1940 736 2022 colloquia
757 1940 955 2004 dilectissimi
976 1941 1128 2022 magistri,
1148 1944 1243 2023 prout
1265 1939 1363 2022 quod-

246 2073 326 2137 que.
345 2056 373 2117 ei
406 2055 439 2117 in
477 2060 615 2118 mentem
649 2056 781 2135 veniret,
812 2054 912 2118 literis
944 2054 1120 2118 mandasse.
1145 2051 1267 2128 Quodsi
1292 2055 1364 2136 quis

246 2167 400 2251 defendat,
432 2174 536 2232 tamon
569 2188 634 2231 una
665 2186 734 2232 osse
765 2169 858 2249 edita,
881 2187 922 2231 na
945 2168 1005 2230 hoo
1030 2168 1159 2251 qnidam
1183 2169 1364 2251 opinionem

245 2300 349 2345 meam
383 2300 573 2364 magnopore
603 2281 786 2345 infirmabit.
817 2280 899 2344 Nam
923 2283 1047 2352 etiamsi
1069 2280 1260 2365 Xenophon,
1284 2299 1365 2363 quae

247 2396 380 2459 diversis
414 2393 610 2477 temporibus
645 2395 842 2478 conscripsit,
877 2395 983 2458 omnia
1013 2393 1109 2458 simul
1140 2393 1259 2477 publioi
1283 2394 1364 2457 iuris

316 2708 374 2772 ΙΠ.
1004 2696 1073 2770 IV(

324 2835 380 2886 m

248 3031 455 3107 mmmm
687 2967 693 3159 Ι

31 3257 669 3312 71.75.7n.78.81.87.94.99.lol.lol.102

97 3421 1357 3610 wwstffiwfflfflffiffl'fflfflfflfflfflfflfflssfflssfflffl

251 3989 368 4070 iecerit,
398 3993 430 4052 et
457 4008 531 4072 argo
553 3990 594 4053 iis
616 4008 789 4073 paucorum
815 3990 940 4054 dierum
964 3991 1065 4075 spatio
1089 3990 1232 4054 ultimam
1256 3991 1364 4054 limam

252 4102 441 4183 adbibuerit,
472 4108 576 4167 tamen
608 4102 783 4167 absurdum
814 4109 863 4167 ost
888 4104 1024 4184 eredere,
1047 4122 1119 4167 eum
1145 4109 1209 4166 tam
1234 4102 1365 4187 diligan-

252 4221 315 4280 tem
338 4216 447 4298 fuisso,
469 4221 506 4280 ut
527 4218 754 4300 particularum
778 4237 948 4281 numerum
969 4236 1026 4301 pro
1045 4223 1185 4300 tempore
1204 4216 1278 4279 libri
1290 4217 1366 4281 editi

252 4330 303 4394 vel
336 4333 465 4413 augeret
490 4330 543 4393 vel
565 4331 731 4394 minueret.
756 4329 848 4407 Quod
872 4348 946 4416 ergo
969 4331 1038 4414 ipsa
1059 4331 1106 4394 rei
1129 4335 1243 4393 natura
1266 4329 1366 4412 dooet,
