3330 5262
859 583 922 646 382

237 747 241 756 ’
327 764 370 830 ὅτι
400 766 441 830 τὰ
468 767 523 846 μὲν
553 765 636 829 ἄλλα
666 761 848 839 ἀξιόσκεπτα
870 764 961 844 λέγει,
985 767 1018 834 τὸ
1041 767 1073 831 δὲ
1096 765 1339 846 Λακεδαιμονίοις
1362 761 1451 840 ὄντας

327 878 433 960 φίλους
462 879 629 952 ἀποστῆναι
661 877 729 960 πρὸς
760 877 826 951 τοὺς
856 877 1009 954 ἐναντίους,
1034 879 1126 958 μηδὲν
1150 877 1277 959 ἔχοντας
1300 881 1453 959 ἐγκαλεῖν,

326 993 419 1065 ταῦτ’,
443 989 528 1072 ἔφην,
553 990 657 1071 ιἰπαρόν
682 1013 731 1068 μοι
754 991 834 1054 δοκεῖ
854 985 935 1054 εἶναι·
958 989 971 1054 ὃ
996 989 1027 1058 δὲ
1050 991 1206 1064 ἐπαινέτας
1232 1017 1272 1071 με
1294 992 1346 1058 καὶ
1366 994 1454 1057 εἰπὼν

326 1102 369 1169 ὅτι
393 1109 510 1182 μᾶλλον
534 1103 628 1169 ἑκτέον
652 1127 709 1182 μιν
731 1101 783 1176 εἴν,
805 1101 848 1167 ὅτι
869 1108 992 1176 τοιοῦτος
1010 1099 1068 1178 eine
1086 1105 1189 1185 ἀφῆκέ
1202 1129 1251 1182 μοι
1262 1104 1370 1170 ἐλθόντι
1382 1106 1453 1185 πρὸς

327 1219 408 1294 ὑμᾶς
438 1216 534 1295 λέγειν
556 1217 679 1290 τάληθῆ.
705 1215 844 1300 Elegans
866 1217 956 1282 locus
981 1217 1100 1302 duplici
1126 1220 1341 1302 corrumpitur
1363 1221 1453 1282 vitio.

327 1330 431 1396 Nimis
460 1333 547 1396 enim
579 1331 659 1396 dura
688 1337 736 1395 est
759 1331 971 1412 anacolutbia,
995 1349 1092 1418 quam
1114 1331 1308 1397 vocabulum
1330 1332 1395 1396 ἐπεί
1416 1335 1452 1396 in

325 1441 418 1509 initio
439 1446 578 1530 positum
599 1443 713 1510 elficit:
736 1463 837 1528 quum
858 1446 941 1509 enim
955 1443 1038 1512 illud
1050 1464 1124 1510 cum
1137 1445 1235 1509 verbo
1247 1441 1452 1525 απεκρινιέρκκν

326 1557 527 1643 iungendum
551 1561 603 1642 sit,
626 1559 758 1643 apodosi
781 1564 867 1624 caret
889 1561 1063 1640 seutentia3
1088 1577 1195 1644 neque
1218 1558 1379 1643 probabile
1402 1565 1453 1624 est

327 1669 582 1755 Xenophontem,
615 1674 671 1756 qui
698 1672 863 1756 limpidam
885 1678 970 1736 amat
993 1674 1178 1754 orationem,
1201 1671 1290 1738 nulla
1313 1675 1453 1738 necessi-

327 1789 391 1850 tate
414 1793 570 1868 coactum,
591 1788 822 1852 sententiarum
843 1791 1020 1850 structuras
1032 1786 1195 1854 turbasse:
1209 1786 1329 1851 abiecto
1342 1792 1451 1851 autem

325 1897 391 1966 ἐπεὶ
427 1897 458 1962 δὲ
493 1899 607 1964 leniter
638 1901 786 1964 decurret
817 1902 969 1964 orationis
992 1899 1121 1966 flumen.
1145 1899 1269 1964 Deinde
1292 1900 1452 1964 Graecum

327 2009 393 2078 non
416 2018 465 2078 est
487 2007 589 2094 ἀφῆκέ
612 2035 671 2090 μοι,
695 2032 752 2098 pro
778 2033 842 2098 quo
862 2014 1034 2097 legendum
1059 2015 1187 2078 videtur
1209 2012 1302 2094 ἐφῆκε
1326 2037 1383 2090 μοι.

370 2127 418 2191 Ib.
456 2126 582 2209 „Iussit
610 2147 662 2192 me
690 2126 807 2191 lason”
839 2129 883 2191 ita
906 2147 1037 2192 narrare
1059 2130 1163 2212 pergit
1185 2127 1377 2209 Polydamas
1404 2150 1453 2209 „a

329 2240 429 2323 vobis,
460 2240 616 2325 Spartani,
647 2240 805 2304 auxilium
837 2245 959 2324 petere:
988 2240 1103 2324 quodsi
1125 2240 1193 2321 tibi,
1216 2240 1311 2304 Iason
1334 2243 1452 2324 inquit,

326 2375 346 2418 a
379 2354 441 2418 diis
476 2354 653 2437 contigerit,
688 2357 725 2416 ut
758 2351 922 2436 Spartanis
955 2353 1157 2436 persuadeas,
1189 2358 1225 2417 ut
1255 2352 1313 2417 tibi
1335 2355 1452 2418 idonea

327 2467 455 2530 mittunt
489 2465 619 2546 auxilie,
654 2463 730 2528 belli
760 2464 921 2529 fortunam
953 2467 1164 2550 experiamur.
1193 2464 1245 2530 εάν
1276 2465 1307 2530 δέ
1337 2489 1380 2529 σοι
1404 2465 1450 2542 μὴ

326 2579 443 2644 δοκῶσιν
465 2575 569 2650 ἱκανῶς
591 2577 716 2656 βικθεῖν,
740 2578 791 2641 οὐκ
813 2576 866 2651 ἤδη
891 2575 1072 2655 ἀνέγκλητος
1096 2575 1132 2642 ἂν
1156 2578 1271 2650 δικαίως
1291 2575 1349 2651 alar
1369 2580 1448 2659 ἕκτῇ

326 2691 458 2772 παπρΙδι,
480 2689 500 2764 ἶς’
524 2714 558 2754 τε
579 2695 656 2772 πιμρῖ
678 2688 729 2754 καὶ
753 2690 789 2753 σὺ
806 2689 945 2770 πράττεις
963 2691 1004 2755 τα
1023 2691 1198 2774 κρατιτπιι.”
1217 2691 1290 2756 Non
1304 2692 1451 2775 obscura,

326 2807 384 2870 sed
414 2825 512 2872 sensu
542 2825 631 2870 cassa
654 2823 724 2869 esse
747 2803 866 2868 Graeca
888 2805 994 2888 verba,
1018 2825 1100 2890 quae
1123 2806 1284 2890 descripsi,
1309 2807 1448 2889 quisque

325 2920 434 2985 videre
467 2924 579 3004 potest
612 2917 706 2994 Quod
735 2920 910 3002 requiritur
941 2919 1001 2982 hoc
1023 2925 1090 2986 est:
1118 2922 1195 3002 „sin
1219 2919 1366 3005 Spartani
1389 2919 1448 2982 tibi

326 3031 392 3096 non
425 3029 622 3109 videbuntur
653 3029 768 3096 idonea
799 3033 923 3096 mittere
954 3023 1089 3115 auxilia,
1111 3031 1234 3096 bellum
1264 3033 1315 3096 vol
1337 3051 1446 3117 gerere

322 3147 378 3212 ‘vel
400 3147 535 3212 euadere
562 3141 688 3210 civibus
712 3147 776 3210 tuis
796 3164 860 3209 non
879 3146 1006 3228 potoris,
1027 3147 1107 3228 quin
1125 3165 1254 3230 gravem
1267 3147 1446 3210 committas

322 3260 453 3345 culpam
478 3263 513 3324 in
535 3260 670 3345 patriam
695 3266 793 3340 tuam,
816 3278 898 3343 quae
920 3264 951 3322 to
975 3258 1189 3343 magnifacit,
1212 3261 1301 3323 etin
1325 3265 1447 3343 quatu

325 3373 420 3438 flores
442 3373 689 3456 felicissimaque
713 3379 798 3436 sorte
818 3371 947 3437 uteris”.
967 3371 1125 3438 Primaria
1145 3376 1254 3436 autem
1266 3375 1447 3457 argumenti

325 3505 408 3571 pars,
442 3486 606 3570 quaeest
634 3486 669 3548 in
700 3484 823 3550 verbis:
859 3484 1005 3566 „bellum
1028 3485 1080 3554 vel
1103 3503 1214 3569 gerere
1238 3485 1289 3549 vel
1312 3486 1446 3550 suadere

325 3600 391 3664 non'
413 3598 562 3684 poteris”,
585 3601 620 3662 in
643 3598 773 3663 Graecis
797 3596 1002 3664 desideratur.

370 3713 395 3795 Ι,
432 3713 482 3776 17,
517 3712 639 3776 Audita
668 3711 862 3793 Polydamas
891 3713 1048 3798 legatione
1078 3705 1179 3800 parati
1203 3703 1334 3798 quidem
1357 3719 1447 3779 erant

326 3825 474 3912 Spartani
495 3825 656 3891 auxilium
677 3826 762 3890 ferre
780 3823 976 3908 'Pharsaliis;
1001 3827 1057 3892 eod
1076 3848 1096 3891 a
1114 3819 1276 3912 preposito
1296 3828 1446 3894 desistere

326 3939 522 4024 cogebantur
552 3945 754 4025 reputantes:
777 3937 834 4012 τας
856 3963 890 4004 τε
910 3936 964 4014 ἔξω
989 3939 1081 4020 μόρας
1104 3938 1169 4004 ὅσαι
1193 3941 1295 4013 αὐτοῖς
1318 3934 1371 4004 εἶεν
1394 3939 1445 4004 καὶ

326 4052 382 4126 ταὶς
405 4051 468 4134 περὶ
497 4052 711 4130 Λακεδαίμονα
734 4054 803 4133 πρὸς
826 4052 881 4126 ταὶς
904 4051 958 4128 ἔξω
983 4058 1039 4117 τῶν
1055 4053 1223 4128 ,Ἀθηναίων
1246 4054 1362 4135 τριήρεις
1385 4055 1447 4120 κτὲ.

325 4167 389 4232 Pro
411 4163 465 4240 ἔξω
488 4166 563 4252 (τῶν
583 4166 742 4241 Ἀθηναίων
762 4166 898 4253 τριήρεις)
923 4167 1135 4252 Pluygersius
1148 4171 1283 4234 coniecit
1295 4165 1445 4242 ἑξήκοντα,

326 4299 464 4364 eamque
476 4283 695 4360 coniecturam
713 4281 860 4365 probavit
874 4279 1214 4347 Dindcrfius.'Vereor
1224 4301 1266 4351 ne
1277 4302 1343 4347 non
1354 4289 1447 4348 recte.
