<?xml version="1.0" encoding="UTF-8"?>
<!DOCTYPE html PUBLIC "-//W3C//DTD XHTML 1.0 Transitional//EN"
    "http://www.w3.org/TR/xhtml1/DTD/xhtml1-transitional.dtd">
<html xmlns="http://www.w3.org/1999/xhtml" xml:lang="en" lang="en">
 <head>
  <title>
</title>
<meta http-equiv="Content-Type" content="text/html;charset=utf-8" />
  <meta name='ocr-system' content='tesseract 3.04.00' />
  <meta name='ocr-capabilities' content='ocr_page ocr_carea ocr_par ocr_line ocrx_word'/>
</head>
<body>
  <div class='ocr_page' id='page_1' title='image "./analectaxenopho00hartgoog_0349.png"; bbox 0 0 3330 5262; ppageno 0'>
   <div class='ocr_carea' id='block_1_1' title="bbox 873 601 937 662">
    <p class='ocr_par' dir='ltr' id='par_1_1' title="bbox 873 601 937 662">
     <span class='ocr_line' id='line_1_1' title="bbox 873 601 937 662; baseline 0 0"><span class='ocrx_word' id='word_1_1' title='bbox 873 601 937 662; x_wconf 85' lang='lat'><strong>334</strong></span> 
     </span>
    </p>
   </div>
   <div class='ocr_carea' id='block_1_2' title="bbox 350 782 1481 4362">
    <p class='ocr_par' dir='ltr' id='par_1_2' title="bbox 350 782 1480 3682">
     <span class='ocr_line' id='line_1_2' title="bbox 350 782 1478 870; baseline -0.002 -17"><span class='ocrx_word' id='word_1_2' title='bbox 350 792 407 870; x_wconf 85' lang='lat' dir='ltr'><strong>est,</strong></span> <span class='ocrx_word' id='word_1_3' title='bbox 441 805 538 870; x_wconf 89' lang='lat' dir='ltr'><strong>quam</strong></span> <span class='ocrx_word' id='word_1_4' title='bbox 571 784 720 868; x_wconf 80' lang='lat' dir='ltr'><strong>equidem</strong></span> <span class='ocrx_word' id='word_1_5' title='bbox 749 783 860 848; x_wconf 91' lang='lat' dir='ltr'><strong>tollere</strong></span> <span class='ocrx_word' id='word_1_6' title='bbox 891 802 957 848; x_wconf 93' lang='lat' dir='ltr'><strong>non</strong></span> <span class='ocrx_word' id='word_1_7' title='bbox 980 802 1122 867; x_wconf 91' lang='lat' dir='ltr'><strong>possum.</strong></span> <span class='ocrx_word' id='word_1_8' title='bbox 1148 782 1366 868; x_wconf 71' lang='lat' dir='ltr'><strong>cognovimus</strong></span> <span class='ocrx_word' id='word_1_9' title='bbox 1391 788 1478 851; x_wconf 89' lang='lat' dir='ltr'><strong>enim</strong></span> 
     </span>
     <span class='ocr_line' id='line_1_3' title="bbox 351 893 1477 981; baseline 0.001 -18"><span class='ocrx_word' id='word_1_10' title='bbox 351 917 392 964; x_wconf 86' lang='lat' dir='ltr'><strong>ex</strong></span> <span class='ocrx_word' id='word_1_11' title='bbox 423 898 535 981; x_wconf 89' lang='lat' dir='ltr'><strong>capitis</strong></span> <span class='ocrx_word' id='word_1_12' title='bbox 561 896 653 960; x_wconf 91' lang='lat' dir='ltr'><strong>initio</strong></span> <span class='ocrx_word' id='word_1_13' title='bbox 676 896 886 961; x_wconf 79' lang='lat' dir='ltr'><strong>Timocratem</strong></span> <span class='ocrx_word' id='word_1_14' title='bbox 910 893 1072 960; x_wconf 88' lang='lat' dir='ltr'><strong>Rhodium</strong></span> <span class='ocrx_word' id='word_1_15' title='bbox 1097 917 1116 960; x_wconf 92' lang='lat' dir='ltr'><strong>a</strong></span> <span class='ocrx_word' id='word_1_16' title='bbox 1137 895 1317 963; x_wconf 73' lang='lat' dir='ltr'><strong>Tithrauste</strong></span> <span class='ocrx_word' id='word_1_17' title='bbox 1341 901 1477 964; x_wconf 84' lang='lat' dir='ltr'><strong>missurn</strong></span> 
     </span>
     <span class='ocr_line' id='line_1_4' title="bbox 351 1007 1476 1093; baseline 0.001 -18"><span class='ocrx_word' id='word_1_18' title='bbox 351 1029 424 1075; x_wconf 90' lang='lat' dir='ltr'><strong>cum</strong></span> <span class='ocrx_word' id='word_1_19' title='bbox 456 1027 572 1092; x_wconf 78' lang='lat' dir='ltr'><strong>magna</strong></span> <span class='ocrx_word' id='word_1_20' title='bbox 602 1009 740 1092; x_wconf 90' lang='lat' dir='ltr'><strong>pecunia</strong></span> <span class='ocrx_word' id='word_1_21' title='bbox 769 1009 803 1072; x_wconf 92' lang='lat' dir='ltr'><strong>in</strong></span> <span class='ocrx_word' id='word_1_22' title='bbox 837 1007 1001 1072; x_wconf 78' lang='lat' dir='ltr'><strong>Graeciam</strong></span> <span class='ocrx_word' id='word_1_23' title='bbox 1028 1010 1165 1092; x_wconf 83' lang='lat' dir='ltr'><strong>vonisse,</strong></span> <span class='ocrx_word' id='word_1_24' title='bbox 1188 1029 1286 1093; x_wconf 89' lang='lat' dir='ltr'><strong>quam</strong></span> <span class='ocrx_word' id='word_1_25' title='bbox 1309 1012 1476 1076; x_wconf 79' lang='lat' dir='ltr'><strong>civitatum</strong></span> 
     </span>
     <span class='ocr_line' id='line_1_5' title="bbox 350 1121 1477 1208; baseline 0.003 -22"><span class='ocrx_word' id='word_1_26' title='bbox 350 1121 550 1208; x_wconf 90' lang='lat' dir='ltr'><strong>principibus</strong></span> <span class='ocrx_word' id='word_1_27' title='bbox 580 1121 668 1185; x_wconf 78' lang='lat' dir='ltr'><strong>dmet</strong></span> <span class='ocrx_word' id='word_1_28' title='bbox 698 1139 736 1184; x_wconf 91' lang='lat' dir='ltr'><strong>ea</strong></span> <span class='ocrx_word' id='word_1_29' title='bbox 760 1121 943 1186; x_wconf 88' lang='lat' dir='ltr'><strong>conditione</strong></span> <span class='ocrx_word' id='word_1_30' title='bbox 967 1126 1004 1186; x_wconf 91' lang='lat' dir='ltr'><strong>ut</strong></span> <span class='ocrx_word' id='word_1_31' title='bbox 1026 1121 1148 1186; x_wconf 89' lang='lat' dir='ltr'><strong>bellum</strong></span> <span class='ocrx_word' id='word_1_32' title='bbox 1171 1127 1281 1186; x_wconf 86' lang='lat' dir='ltr'><strong>contra</strong></span> <span class='ocrx_word' id='word_1_33' title='bbox 1302 1122 1477 1207; x_wconf 81' lang='lat' dir='ltr'><strong>Spartanos</strong></span> 
     </span>
     <span class='ocr_line' id='line_1_6' title="bbox 350 1233 1477 1319; baseline 0.001 -19"><span class='ocrx_word' id='word_1_34' title='bbox 350 1239 523 1300; x_wconf 85' lang='lat' dir='ltr'><strong>moverent.</strong></span> <span class='ocrx_word' id='word_1_35' title='bbox 556 1233 615 1297; x_wconf 90' lang='lat' dir='ltr'><strong>Ille</strong></span> <span class='ocrx_word' id='word_1_36' title='bbox 650 1251 725 1316; x_wconf 86' lang='lat' dir='ltr'><strong>ergo</strong></span> <span class='ocrx_word' id='word_1_37' title='bbox 760 1234 810 1297; x_wconf 88' lang='lat' dir='ltr'><strong>his</strong></span> <span class='ocrx_word' id='word_1_38' title='bbox 845 1234 924 1298; x_wconf 83' lang='lat' dir='ltr'><strong>viris</strong></span> <span class='ocrx_word' id='word_1_39' title='bbox 956 1235 1126 1316; x_wconf 90' lang='lat' dir='ltr'><strong>pecuniam</strong></span> <span class='ocrx_word' id='word_1_40' title='bbox 1157 1235 1228 1298; x_wconf 86' lang='lat' dir='ltr'><strong>dat:</strong></span> <span class='ocrx_word' id='word_1_41' title='bbox 1251 1235 1477 1319; x_wconf 82' lang='lat' dir='ltr'><strong>Androelidae,</strong></span> 
     </span>
     <span class='ocr_line' id='line_1_7' title="bbox 350 1343 1478 1428; baseline 0.002 -18"><span class='ocrx_word' id='word_1_42' title='bbox 350 1345 517 1428; x_wconf 79' lang='lat' dir='ltr'><strong>Ismeniae,</strong></span> <span class='ocrx_word' id='word_1_43' title='bbox 550 1344 743 1410; x_wconf 84' lang='lat' dir='ltr'><strong>Galaxidoro</strong></span> <span class='ocrx_word' id='word_1_44' title='bbox 773 1343 943 1428; x_wconf 80' lang='lat' dir='ltr'><strong>Thebanis,</strong></span> <span class='ocrx_word' id='word_1_45' title='bbox 973 1345 1143 1410; x_wconf 81' lang='lat' dir='ltr'><strong>Timocrati</strong></span> <span class='ocrx_word' id='word_1_46' title='bbox 1171 1351 1201 1410; x_wconf 93' lang='lat' dir='ltr'><strong>et</strong></span> <span class='ocrx_word' id='word_1_47' title='bbox 1224 1345 1397 1428; x_wconf 85' lang='lat' dir='ltr'><strong>Polyanthi</strong></span> <span class='ocrx_word' id='word_1_48' title='bbox 1422 1345 1478 1412; x_wconf 84' lang='lat' dir='ltr'><strong>Oc-</strong></span> 
     </span>
     <span class='ocr_line' id='line_1_8' title="bbox 350 1455 1476 1543; baseline 0.001 -21"><span class='ocrx_word' id='word_1_49' title='bbox 350 1458 486 1540; x_wconf 76' lang='lat' dir='ltr'><strong>ro&#39;athiis,</strong></span> <span class='ocrx_word' id='word_1_50' title='bbox 510 1457 624 1540; x_wconf 79' lang='lat' dir='ltr'><strong>Cyloni</strong></span> <span class='ocrx_word' id='word_1_51' title='bbox 647 1455 772 1539; x_wconf 81' lang='lat' dir='ltr'><strong>Arpivo.</strong></span> <span class='ocrx_word' id='word_1_52' title='bbox 793 1456 1000 1522; x_wconf 67' lang='lat' dir='ltr'><strong>Athenienses</strong></span> <span class='ocrx_word' id='word_1_53' title='bbox 1019 1477 1158 1542; x_wconf 90' lang='lat' dir='ltr'><strong>quoque,</strong></span> <span class='ocrx_word' id='word_1_54' title='bbox 1179 1479 1376 1543; x_wconf 92' lang='lat' dir='ltr'><strong>quamquam</strong></span> <span class='ocrx_word' id='word_1_55' title='bbox 1397 1461 1476 1523; x_wconf 92' lang='lat' dir='ltr'><strong>nihil</strong></span> 
     </span>
     <span class='ocr_line' id='line_1_9' title="bbox 352 1569 1479 1655; baseline 0.002 -21"><span class='ocrx_word' id='word_1_56' title='bbox 352 1574 548 1655; x_wconf 82' lang='lat' dir='ltr'><strong>acceperant,</strong></span> <span class='ocrx_word' id='word_1_57' title='bbox 572 1575 679 1634; x_wconf 70' lang='lat' dir='ltr'><strong>umen</strong></span> <span class='ocrx_word' id='word_1_58' title='bbox 702 1570 742 1634; x_wconf 90' lang='lat' dir='ltr'><strong>ad</strong></span> <span class='ocrx_word' id='word_1_59' title='bbox 765 1569 884 1634; x_wconf 89' lang='lat' dir='ltr'><strong>bellum</strong></span> <span class='ocrx_word' id='word_1_60' title='bbox 909 1577 1000 1635; x_wconf 86' lang='lat' dir='ltr'><strong>erant</strong></span> <span class='ocrx_word' id='word_1_61' title='bbox 1022 1573 1131 1655; x_wconf 91' lang='lat' dir='ltr'><strong>parati.</strong></span> <span class='ocrx_word' id='word_1_62' title='bbox 1152 1571 1176 1635; x_wconf 81' lang='grc' dir='ltr'><strong>νί</strong></span> <span class='ocrx_word' id='word_1_63' title='bbox 1195 1569 1250 1648; x_wconf 78' lang='grc' dir='ltr'><strong>μὲν</strong></span> <span class='ocrx_word' id='word_1_64' title='bbox 1269 1571 1303 1643; x_wconf 69' lang='grc' dir='ltr'><strong>δὴ</strong></span> <span class='ocrx_word' id='word_1_65' title='bbox 1324 1570 1479 1650; x_wconf 71' lang='grc' dir='ltr'><em>δεξάμενοι</em></span> 
     </span>
     <span class='ocr_line' id='line_1_10' title="bbox 351 1680 1477 1763; baseline 0.004 -17"><span class='ocrx_word' id='word_1_66' title='bbox 351 1684 392 1746; x_wconf 80' lang='grc' dir='ltr'><strong>τίν</strong></span> <span class='ocrx_word' id='word_1_67' title='bbox 417 1680 567 1762; x_wconf 74' lang='grc' dir='ltr'><em>χρήματα</em></span> <span class='ocrx_word' id='word_1_68' title='bbox 590 1681 660 1762; x_wconf 75' lang='grc' dir='ltr'><em>πρὸς</em></span> <span class='ocrx_word' id='word_1_69' title='bbox 684 1680 740 1755; x_wconf 75' lang='grc' dir='ltr'><strong>τας</strong></span> <span class='ocrx_word' id='word_1_70' title='bbox 764 1681 868 1755; x_wconf 87' lang='grc' dir='ltr'><em>νίκείας</em></span> <span class='ocrx_word' id='word_1_71' title='bbox 892 1681 990 1755; x_wconf 80' lang='grc' dir='ltr'><em>πόλεις</em></span> <span class='ocrx_word' id='word_1_72' title='bbox 1013 1681 1171 1760; x_wconf 74' lang='grc' dir='ltr'><em>διέβαλλον</em></span> <span class='ocrx_word' id='word_1_73' title='bbox 1194 1683 1260 1756; x_wconf 81' lang='grc' dir='ltr'><em>τοὺς</em></span> <span class='ocrx_word' id='word_1_74' title='bbox 1284 1685 1477 1763; x_wconf 78' lang='grc' dir='ltr'><em>Λακεδαιμο-</em></span> 
     </span>
     <span class='ocr_line' id='line_1_11' title="bbox 351 1791 1477 1874; baseline 0.003 -16"><span class='ocrx_word' id='word_1_75' title='bbox 351 1793 436 1866; x_wconf 89' lang='grc' dir='ltr'><em>νίννς·</em></span> <span class='ocrx_word' id='word_1_76' title='bbox 469 1791 534 1858; x_wconf 61' lang='lat' dir='ltr'><strong>earet</strong></span> <span class='ocrx_word' id='word_1_77' title='bbox 569 1793 600 1857; x_wconf 75' lang='grc' dir='ltr'><strong>δὲ</strong></span> <span class='ocrx_word' id='word_1_78' title='bbox 630 1791 744 1866; x_wconf 80' lang='grc' dir='ltr'><em>ταύτας</em></span> <span class='ocrx_word' id='word_1_79' title='bbox 775 1794 815 1866; x_wconf 88' lang='grc' dir='ltr'><strong>είς</strong></span> <span class='ocrx_word' id='word_1_80' title='bbox 848 1801 936 1871; x_wconf 82' lang='grc' dir='ltr'><em>μίσος</em></span> <span class='ocrx_word' id='word_1_81' title='bbox 966 1796 1064 1858; x_wconf 83' lang='grc' dir='ltr'><em>αὐτῶν</em></span> <span class='ocrx_word' id='word_1_82' title='bbox 1094 1795 1271 1874; x_wconf 78' lang='grc' dir='ltr'><em>σρνήγαγνν,</em></span> <span class='ocrx_word' id='word_1_83' title='bbox 1295 1795 1477 1862; x_wconf 68' lang='grc' dir='ltr'><em>συνίστασαν</em></span> 
     </span>
     <span class='ocr_line' id='line_1_12' title="bbox 351 1905 1476 1989; baseline 0.002 -17"><span class='ocrx_word' id='word_1_84' title='bbox 351 1907 401 1972; x_wconf 77' lang='grc' dir='ltr'><strong>καί</strong></span> <span class='ocrx_word' id='word_1_85' title='bbox 425 1906 481 1979; x_wconf 81' lang='grc' dir='ltr'><em>τίις</em></span> <span class='ocrx_word' id='word_1_86' title='bbox 505 1906 653 1984; x_wconf 75' lang='grc' dir='ltr'><strong>μεγίστας</strong></span> <span class='ocrx_word' id='word_1_87' title='bbox 677 1905 775 1979; x_wconf 77' lang='grc' dir='ltr'><em>πόλεις</em></span> <span class='ocrx_word' id='word_1_88' title='bbox 798 1907 866 1988; x_wconf 81' lang='grc' dir='ltr'><em>τρίς</em></span> <span class='ocrx_word' id='word_1_89' title='bbox 884 1907 1032 1980; x_wconf 64' lang='lat' dir='ltr'><strong>amima.</strong></span> <span class='ocrx_word' id='word_1_90' title='bbox 1055 1907 1144 1984; x_wconf 78' lang='lat' dir='ltr'><strong>erae</strong></span> <span class='ocrx_word' id='word_1_91' title='bbox 1163 1909 1237 1974; x_wconf 87' lang='lat' dir='ltr'><strong>illae</strong></span> <span class='ocrx_word' id='word_1_92' title='bbox 1257 1911 1322 1974; x_wconf 87' lang='lat' dir='ltr'><strong>sint</strong></span> <span class='ocrx_word' id='word_1_93' title='bbox 1333 1909 1476 1989; x_wconf 82' lang='grc' dir='ltr'><em>μέγισται</em></span> 
     </span>
     <span class='ocr_line' id='line_1_13' title="bbox 352 2019 1476 2105; baseline 0.003 -21"><span class='ocrx_word' id='word_1_94' title='bbox 352 2019 450 2092; x_wconf 78' lang='grc' dir='ltr'><em>πόλεις</em></span> <span class='ocrx_word' id='word_1_95' title='bbox 481 2040 574 2085; x_wconf 89' lang='lat' dir='ltr'><strong>nemo</strong></span> <span class='ocrx_word' id='word_1_96' title='bbox 606 2021 710 2085; x_wconf 88' lang='lat' dir='ltr'><strong>dicere</strong></span> <span class='ocrx_word' id='word_1_97' title='bbox 740 2022 850 2105; x_wconf 88' lang='lat' dir='ltr'><strong>possit.</strong></span> <span class='ocrx_word' id='word_1_98' title='bbox 873 2021 1024 2086; x_wconf 84' lang='lat' dir='ltr'><strong>Vidimus</strong></span> <span class='ocrx_word' id='word_1_99' title='bbox 1056 2023 1142 2086; x_wconf 90' lang='lat' dir='ltr'><strong>enim</strong></span> <span class='ocrx_word' id='word_1_100' title='bbox 1164 2021 1341 2105; x_wconf 90' lang='lat' dir='ltr'><strong>Thebanos,</strong></span> <span class='ocrx_word' id='word_1_101' title='bbox 1365 2021 1476 2087; x_wconf 83' lang='lat' dir='ltr'><strong>Corin·</strong></span> 
     </span>
     <span class='ocr_line' id='line_1_14' title="bbox 352 2134 1478 2220; baseline 0 -20"><span class='ocrx_word' id='word_1_102' title='bbox 352 2135 445 2218; x_wconf 88' lang='lat' dir='ltr'><strong>thius,</strong></span> <span class='ocrx_word' id='word_1_103' title='bbox 474 2136 613 2219; x_wconf 85' lang='lat' dir='ltr'><strong>Argivos</strong></span> <span class='ocrx_word' id='word_1_104' title='bbox 642 2155 660 2198; x_wconf 91' lang='lat' dir='ltr'><strong>a</strong></span> <span class='ocrx_word' id='word_1_105' title='bbox 683 2134 865 2198; x_wconf 88' lang='lat' dir='ltr'><strong>subornatis</strong></span> <span class='ocrx_word' id='word_1_106' title='bbox 888 2135 953 2199; x_wconf 92' lang='lat' dir='ltr'><strong>illis</strong></span> <span class='ocrx_word' id='word_1_107' title='bbox 976 2137 1054 2199; x_wconf 89' lang='lat' dir='ltr'><strong>viris</strong></span> <span class='ocrx_word' id='word_1_108' title='bbox 1079 2135 1121 2198; x_wconf 90' lang='lat' dir='ltr'><strong>ad</strong></span> <span class='ocrx_word' id='word_1_109' title='bbox 1140 2134 1261 2200; x_wconf 90' lang='lat' dir='ltr'><strong>bellurn</strong></span> <span class='ocrx_word' id='word_1_110' title='bbox 1284 2155 1359 2199; x_wconf 91' lang='lat' dir='ltr'><strong>oum</strong></span> <span class='ocrx_word' id='word_1_111' title='bbox 1383 2135 1478 2220; x_wconf 82' lang='lat' dir='ltr'><strong>Spar-</strong></span> 
     </span>
     <span class='ocr_line' id='line_1_15' title="bbox 351 2247 1475 2332; baseline 0 -20"><span class='ocrx_word' id='word_1_112' title='bbox 351 2249 436 2312; x_wconf 85' lang='lat' dir='ltr'><strong>tanis</strong></span> <span class='ocrx_word' id='word_1_113' title='bbox 467 2265 643 2331; x_wconf 86' lang='lat' dir='ltr'><strong>propcnsos</strong></span> <span class='ocrx_word' id='word_1_114' title='bbox 672 2247 772 2312; x_wconf 86' lang='lat' dir='ltr'><strong>iactos</strong></span> <span class='ocrx_word' id='word_1_115' title='bbox 805 2265 885 2329; x_wconf 88' lang='lat' dir='ltr'><strong>esse,</strong></span> <span class='ocrx_word' id='word_1_116' title='bbox 913 2247 1127 2312; x_wconf 85' lang='lat' dir='ltr'><strong>Athenienses</strong></span> <span class='ocrx_word' id='word_1_117' title='bbox 1158 2253 1270 2332; x_wconf 88' lang='lat' dir='ltr'><strong>sponte</strong></span> <span class='ocrx_word' id='word_1_118' title='bbox 1292 2248 1332 2312; x_wconf 93' lang='lat' dir='ltr'><strong>ad</strong></span> <span class='ocrx_word' id='word_1_119' title='bbox 1356 2248 1475 2313; x_wconf 89' lang='lat' dir='ltr'><strong>bellum</strong></span> 
     </span>
     <span class='ocr_line' id='line_1_16' title="bbox 351 2358 1478 2444; baseline 0.002 -20"><span class='ocrx_word' id='word_1_120' title='bbox 351 2361 513 2425; x_wconf 89' lang='lat' dir='ltr'><strong>inclinare.</strong></span> <span class='ocrx_word' id='word_1_121' title='bbox 541 2358 630 2435; x_wconf 76' lang='lat' dir='ltr'><strong>Quae</strong></span> <span class='ocrx_word' id='word_1_122' title='bbox 653 2379 738 2444; x_wconf 85' lang='lat' dir='ltr'><strong>ergo,</strong></span> <span class='ocrx_word' id='word_1_123' title='bbox 762 2380 828 2424; x_wconf 91' lang='lat' dir='ltr'><strong>non</strong></span> <span class='ocrx_word' id='word_1_124' title='bbox 848 2361 918 2424; x_wconf 90' lang='lat' dir='ltr'><strong>dico</strong></span> <span class='ocrx_word' id='word_1_125' title='bbox 937 2361 1100 2444; x_wconf 74' lang='lat' dir='ltr'><strong>maximoe,</strong></span> <span class='ocrx_word' id='word_1_126' title='bbox 1119 2361 1176 2425; x_wconf 89' lang='lat' dir='ltr'><strong>sed</strong></span> <span class='ocrx_word' id='word_1_127' title='bbox 1195 2362 1325 2424; x_wconf 90' lang='lat' dir='ltr'><strong>omnino</strong></span> <span class='ocrx_word' id='word_1_128' title='bbox 1344 2381 1478 2444; x_wconf 80' lang='grc' dir='ltr'><em>ννιιρννασ</em></span> 
     </span>
     <span class='ocr_line' id='line_1_17' title="bbox 352 2470 1478 2559; baseline 0.003 -23"><span class='ocrx_word' id='word_1_129' title='bbox 352 2474 496 2537; x_wconf 79' lang='lat' dir='ltr'><strong>civitates</strong></span> <span class='ocrx_word' id='word_1_130' title='bbox 527 2473 674 2537; x_wconf 84' lang='lat' dir='ltr'><strong>restant?</strong></span> <span class='ocrx_word' id='word_1_131' title='bbox 704 2472 746 2536; x_wconf 77' lang='lat' dir='ltr'><strong>nt</strong></span> <span class='ocrx_word' id='word_1_132' title='bbox 776 2474 804 2536; x_wconf 90' lang='lat' dir='ltr'><strong>si</strong></span> <span class='ocrx_word' id='word_1_133' title='bbox 827 2473 993 2538; x_wconf 85' lang='lat' dir='ltr'><strong>vocabulis</strong></span> <span class='ocrx_word' id='word_1_134' title='bbox 1016 2471 1071 2544; x_wconf 83' lang='grc' dir='ltr'><em>τίις</em></span> <span class='ocrx_word' id='word_1_135' title='bbox 1096 2471 1245 2550; x_wconf 73' lang='grc' dir='ltr'><strong>μεγίστας</strong></span> <span class='ocrx_word' id='word_1_136' title='bbox 1268 2470 1366 2545; x_wconf 78' lang='grc' dir='ltr'><em>πόλεις</em></span> <span class='ocrx_word' id='word_1_137' title='bbox 1390 2476 1478 2559; x_wconf 86' lang='lat' dir='ltr'><strong>ipsae</strong></span> 
     </span>
     <span class='ocr_line' id='line_1_18' title="bbox 352 2587 1478 2672; baseline 0.003 -23"><span class='ocrx_word' id='word_1_138' title='bbox 352 2587 426 2651; x_wconf 90' lang='lat' dir='ltr'><strong>illae</strong></span> <span class='ocrx_word' id='word_1_139' title='bbox 460 2588 615 2670; x_wconf 88' lang='lat' dir='ltr'><strong>civitates,</strong></span> <span class='ocrx_word' id='word_1_140' title='bbox 651 2606 734 2670; x_wconf 91' lang='lat' dir='ltr'><strong>quae</strong></span> <span class='ocrx_word' id='word_1_141' title='bbox 770 2606 867 2670; x_wconf 89' lang='lat' dir='ltr'><strong>supra</strong></span> <span class='ocrx_word' id='word_1_142' title='bbox 897 2593 1099 2652; x_wconf 84' lang='lat' dir='ltr'><strong>enumeratae</strong></span> <span class='ocrx_word' id='word_1_143' title='bbox 1129 2592 1214 2670; x_wconf 90' lang='lat' dir='ltr'><strong>sunt,</strong></span> <span class='ocrx_word' id='word_1_144' title='bbox 1246 2587 1478 2672; x_wconf 83' lang='lat' dir='ltr'><strong>significantur,</strong></span> 
     </span>
     <span class='ocr_line' id='line_1_19' title="bbox 354 2699 1478 2784; baseline 0.002 -21"><span class='ocrx_word' id='word_1_145' title='bbox 354 2703 411 2782; x_wconf 91' lang='lat' dir='ltr'><strong>qui</strong></span> <span class='ocrx_word' id='word_1_146' title='bbox 440 2707 577 2784; x_wconf 89' lang='lat' dir='ltr'><strong>possunt</strong></span> <span class='ocrx_word' id='word_1_147' title='bbox 609 2701 818 2783; x_wconf 82' lang='lat' dir='ltr'><strong>sibimetipsis</strong></span> <span class='ocrx_word' id='word_1_148' title='bbox 841 2700 977 2779; x_wconf 81' lang='lat' dir='ltr'><strong>opponi?</strong></span> <span class='ocrx_word' id='word_1_149' title='bbox 1000 2699 1048 2764; x_wconf 82' lang='lat' dir='ltr'><strong>na</strong></span> <span class='ocrx_word' id='word_1_150' title='bbox 1072 2702 1157 2765; x_wconf 90' lang='lat' dir='ltr'><strong>enim</strong></span> <span class='ocrx_word' id='word_1_151' title='bbox 1178 2703 1229 2764; x_wconf 76' lang='lat' dir='ltr'><strong>ris</strong></span> <span class='ocrx_word' id='word_1_152' title='bbox 1254 2707 1301 2765; x_wconf 90' lang='lat' dir='ltr'><strong>est</strong></span> <span class='ocrx_word' id='word_1_153' title='bbox 1324 2704 1478 2765; x_wconf 90' lang='lat' dir='ltr'><strong>coniunc-</strong></span> 
     </span>
     <span class='ocr_line' id='line_1_20' title="bbox 353 2811 1478 2896; baseline 0.001 -20"><span class='ocrx_word' id='word_1_154' title='bbox 353 2814 449 2876; x_wconf 90' lang='lat' dir='ltr'><strong>tionis</strong></span> <span class='ocrx_word' id='word_1_155' title='bbox 472 2811 524 2875; x_wconf 85' lang='grc' dir='ltr'><strong>καί</strong></span> <span class='ocrx_word' id='word_1_156' title='bbox 545 2832 627 2895; x_wconf 86' lang='lat' dir='ltr'><strong>quae</strong></span> <span class='ocrx_word' id='word_1_157' title='bbox 650 2813 817 2896; x_wconf 87' lang='lat' dir='ltr'><strong>praecedit.</strong></span> <span class='ocrx_word' id='word_1_158' title='bbox 842 2812 1025 2876; x_wconf 89' lang='lat' dir='ltr'><strong>Videndum</strong></span> <span class='ocrx_word' id='word_1_159' title='bbox 1050 2814 1133 2877; x_wconf 89' lang='lat' dir='ltr'><strong>sitne</strong></span> <span class='ocrx_word' id='word_1_160' title='bbox 1156 2813 1328 2876; x_wconf 86' lang='lat' dir='ltr'><strong>delendum</strong></span> <span class='ocrx_word' id='word_1_161' title='bbox 1348 2814 1478 2878; x_wconf 89' lang='lat' dir='ltr'><strong>adiecti-</strong></span> 
     </span>
     <span class='ocr_line' id='line_1_21' title="bbox 354 2922 1479 3002; baseline 0.003 -14"><span class='ocrx_word' id='word_1_162' title='bbox 354 2946 432 2989; x_wconf 88' lang='lat' dir='ltr'><strong>vum</strong></span> <span class='ocrx_word' id='word_1_163' title='bbox 461 2923 620 3002; x_wconf 86' lang='grc' dir='ltr'><em>μεγίστας,</em></span> <span class='ocrx_word' id='word_1_164' title='bbox 654 2930 691 2990; x_wconf 90' lang='lat' dir='ltr'><strong>ut</strong></span> <span class='ocrx_word' id='word_1_165' title='bbox 721 2945 739 2990; x_wconf 91' lang='lat' dir='ltr'><strong>e</strong></span> <span class='ocrx_word' id='word_1_166' title='bbox 762 2925 867 2990; x_wconf 80' lang='lat' dir='ltr'><strong>verbis</strong></span> <span class='ocrx_word' id='word_1_167' title='bbox 891 2922 955 2988; x_wconf 78' lang='grc' dir='ltr'><em>ε’σεί</em></span> <span class='ocrx_word' id='word_1_168' title='bbox 980 2924 1011 2988; x_wconf 79' lang='grc' dir='ltr'><strong>δὲ</strong></span> <span class='ocrx_word' id='word_1_169' title='bbox 1035 2961 1076 2972; x_wconf 89' lang='grc'><strong>--</strong></span> <span class='ocrx_word' id='word_1_170' title='bbox 1099 2923 1239 2998; x_wconf 71' lang='grc' dir='ltr'><em>ἀλλήλας</em></span> <span class='ocrx_word' id='word_1_171' title='bbox 1262 2927 1339 2990; x_wconf 90' lang='lat' dir='ltr'><strong>haec</strong></span> <span class='ocrx_word' id='word_1_172' title='bbox 1363 2927 1479 2992; x_wconf 90' lang='lat' dir='ltr'><strong>evadat</strong></span> 
     </span>
     <span class='ocr_line' id='line_1_22' title="bbox 354 3037 1479 3122; baseline 0.002 -20"><span class='ocrx_word' id='word_1_173' title='bbox 354 3039 528 3102; x_wconf 89' lang='lat' dir='ltr'><strong>sententia:</strong></span> <span class='ocrx_word' id='word_1_174' title='bbox 563 3039 703 3122; x_wconf 90' lang='lat' dir='ltr'><strong>primurn</strong></span> <span class='ocrx_word' id='word_1_175' title='bbox 738 3040 773 3100; x_wconf 92' lang='lat' dir='ltr'><strong>in</strong></span> <span class='ocrx_word' id='word_1_176' title='bbox 808 3037 942 3119; x_wconf 75' lang='lat' dir='ltr'><strong>stupetis</strong></span> <span class='ocrx_word' id='word_1_177' title='bbox 973 3037 1108 3101; x_wconf 89' lang='lat' dir='ltr'><strong>urbibus</strong></span> <span class='ocrx_word' id='word_1_178' title='bbox 1138 3038 1210 3100; x_wconf 91' lang='lat' dir='ltr'><strong>odia</strong></span> <span class='ocrx_word' id='word_1_179' title='bbox 1239 3039 1275 3100; x_wconf 92' lang='lat' dir='ltr'><strong>in</strong></span> <span class='ocrx_word' id='word_1_180' title='bbox 1304 3037 1479 3121; x_wconf 85' lang='lat' dir='ltr'><strong>Spartanos</strong></span> 
     </span>
     <span class='ocr_line' id='line_1_23' title="bbox 354 3149 1480 3233; baseline -0.002 -17"><span class='ocrx_word' id='word_1_181' title='bbox 354 3152 554 3216; x_wconf 82' lang='lat' dir='ltr'><strong>excitarunt:</strong></span> <span class='ocrx_word' id='word_1_182' title='bbox 590 3152 704 3216; x_wconf 88' lang='lat' dir='ltr'><strong>deinde</strong></span> <span class='ocrx_word' id='word_1_183' title='bbox 737 3149 830 3214; x_wconf 70' lang='lat' dir='ltr'><strong>etrum</strong></span> <span class='ocrx_word' id='word_1_184' title='bbox 865 3169 991 3233; x_wconf 87' lang='lat' dir='ltr'><strong>operam</strong></span> <span class='ocrx_word' id='word_1_185' title='bbox 1027 3150 1191 3233; x_wconf 90' lang='lat' dir='ltr'><strong>dederunt,</strong></span> <span class='ocrx_word' id='word_1_186' title='bbox 1222 3154 1259 3214; x_wconf 88' lang='lat' dir='ltr'><strong>ut</strong></span> <span class='ocrx_word' id='word_1_187' title='bbox 1290 3169 1344 3214; x_wconf 89' lang='lat' dir='ltr'><strong>eas</strong></span> <span class='ocrx_word' id='word_1_188' title='bbox 1374 3169 1480 3214; x_wconf 80' lang='lat' dir='ltr'><strong>omnes</strong></span> 
     </span>
     <span class='ocr_line' id='line_1_24' title="bbox 355 3261 1479 3346; baseline -0.002 -18"><span class='ocrx_word' id='word_1_189' title='bbox 355 3265 504 3328; x_wconf 89' lang='lat' dir='ltr'><strong>societate</strong></span> <span class='ocrx_word' id='word_1_190' title='bbox 539 3265 622 3328; x_wconf 88' lang='lat' dir='ltr'><strong>inter</strong></span> <span class='ocrx_word' id='word_1_191' title='bbox 658 3283 692 3327; x_wconf 89' lang='lat' dir='ltr'><strong>se</strong></span> <span class='ocrx_word' id='word_1_192' title='bbox 721 3263 900 3345; x_wconf 84' lang='lat' dir='ltr'><strong>iungerent.</strong></span> <span class='ocrx_word' id='word_1_193' title='bbox 931 3261 994 3326; x_wconf 82' lang='lat' dir='ltr'><strong>Sed</strong></span> <span class='ocrx_word' id='word_1_194' title='bbox 1017 3262 1205 3346; x_wconf 86' lang='lat' dir='ltr'><strong>scrupulum</strong></span> <span class='ocrx_word' id='word_1_195' title='bbox 1227 3262 1378 3326; x_wconf 88' lang='lat' dir='ltr'><strong>iniiciunt</strong></span> <span class='ocrx_word' id='word_1_196' title='bbox 1399 3263 1479 3326; x_wconf 93' lang='lat' dir='ltr'><strong>haec</strong></span> 
     </span>
     <span class='ocr_line' id='line_1_25' title="bbox 356 3373 1479 3461; baseline -0.001 -20"><span class='ocrx_word' id='word_1_197' title='bbox 356 3376 453 3441; x_wconf 86' lang='lat' dir='ltr'><strong>verba</strong></span> <span class='ocrx_word' id='word_1_198' title='bbox 485 3396 502 3442; x_wconf 86' lang='lat' dir='ltr'><strong>e</strong></span> <span class='ocrx_word' id='word_1_199' title='bbox 532 3377 589 3461; x_wconf 77' lang='lat' dir='ltr'><strong>IV,</strong></span> <span class='ocrx_word' id='word_1_200' title='bbox 614 3380 644 3459; x_wconf 84' lang='lat'><strong>2,</strong></span> <span class='ocrx_word' id='word_1_201' title='bbox 670 3378 706 3440; x_wconf 89' lang='lat' dir='ltr'><strong>l:</strong></span> <span class='ocrx_word' id='word_1_202' title='bbox 731 3376 755 3438; x_wconf 85' lang='grc' dir='ltr'><strong>οἱ</strong></span> <span class='ocrx_word' id='word_1_203' title='bbox 778 3375 809 3439; x_wconf 75' lang='grc' dir='ltr'><strong>δὲ</strong></span> <span class='ocrx_word' id='word_1_204' title='bbox 832 3373 1056 3452; x_wconf 79' lang='grc' dir='ltr'><em>Λακεδαιμόνιοι</em></span> <span class='ocrx_word' id='word_1_205' title='bbox 1080 3373 1143 3438; x_wconf 79' lang='grc' dir='ltr'><strong>ἐπεὶ</strong></span> <span class='ocrx_word' id='word_1_206' title='bbox 1167 3379 1274 3455; x_wconf 79' lang='grc' dir='ltr'><em>σαφῶς</em></span> <span class='ocrx_word' id='word_1_207' title='bbox 1298 3373 1416 3455; x_wconf 68' lang='grc' dir='ltr'><em>ᾔσίνντν</em></span> <span class='ocrx_word' id='word_1_208' title='bbox 1437 3374 1479 3440; x_wconf 88' lang='grc' dir='ltr'><strong>τνί</strong></span> 
     </span>
     <span class='ocr_line' id='line_1_26' title="bbox 355 3485 1479 3568; baseline -0.004 -14"><span class='ocrx_word' id='word_1_209' title='bbox 355 3511 389 3554; x_wconf 88' lang='grc' dir='ltr'><strong>τε</strong></span> <span class='ocrx_word' id='word_1_210' title='bbox 411 3487 561 3568; x_wconf 71' lang='grc' dir='ltr'><em>χρήματα</em></span> <span class='ocrx_word' id='word_1_211' title='bbox 583 3487 745 3561; x_wconf 77' lang='grc' dir='ltr'><em>ε’λνλνίίτα</em></span> <span class='ocrx_word' id='word_1_212' title='bbox 767 3487 807 3559; x_wconf 80' lang='grc' dir='ltr'><strong>εἰς</strong></span> <span class='ocrx_word' id='word_1_213' title='bbox 829 3486 882 3559; x_wconf 68' lang='grc' dir='ltr'><strong>τὴν</strong></span> <span class='ocrx_word' id='word_1_214' title='bbox 906 3485 1044 3552; x_wconf 66' lang='lat' dir='ltr'><strong>‘Enteiis</strong></span> <span class='ocrx_word' id='word_1_215' title='bbox 1067 3485 1119 3551; x_wconf 76' lang='grc' dir='ltr'><strong>καί</strong></span> <span class='ocrx_word' id='word_1_216' title='bbox 1142 3485 1198 3560; x_wconf 72' lang='grc' dir='ltr'><strong>τὰς</strong></span> <span class='ocrx_word' id='word_1_217' title='bbox 1218 3485 1367 3565; x_wconf 80' lang='grc' dir='ltr'><em>μεγίστας</em></span> <span class='ocrx_word' id='word_1_218' title='bbox 1380 3485 1479 3560; x_wconf 76' lang='grc' dir='ltr'><em>πόλεις</em></span> 
     </span>
     <span class='ocr_line' id='line_1_27' title="bbox 355 3599 1022 3682; baseline -0.003 -16"><span class='ocrx_word' id='word_1_219' title='bbox 355 3599 563 3678; x_wconf 74' lang='grc' dir='ltr'><em>ξννεστνκνίας</em></span> <span class='ocrx_word' id='word_1_220' title='bbox 585 3599 635 3665; x_wconf 69' lang='lat' dir='ltr'><strong>iri</strong></span> <span class='ocrx_word' id='word_1_221' title='bbox 658 3599 779 3682; x_wconf 75' lang='grc' dir='ltr'><em>πολέμῳ</em></span> <span class='ocrx_word' id='word_1_222' title='bbox 804 3601 872 3682; x_wconf 78' lang='grc' dir='ltr'><em>πρὸς</em></span> <span class='ocrx_word' id='word_1_223' title='bbox 894 3599 1022 3672; x_wconf 80' lang='grc' dir='ltr'><em>ἑαυτούς.</em></span> 
     </span>
    </p>

    <p class='ocr_par' dir='ltr' id='par_1_3' title="bbox 356 3713 1481 4362">
     <span class='ocr_line' id='line_1_28' title="bbox 400 3713 1480 3800; baseline -0.001 -21"><span class='ocrx_word' id='word_1_224' title='bbox 400 3718 440 3800; x_wconf 86' lang='lat' dir='ltr'><strong>V,</strong></span> <span class='ocrx_word' id='word_1_225' title='bbox 465 3718 493 3781; x_wconf 87' lang='lat'><strong>5.</strong></span> <span class='ocrx_word' id='word_1_226' title='bbox 515 3716 604 3780; x_wconf 88' lang='lat' dir='ltr'><strong>Inter</strong></span> <span class='ocrx_word' id='word_1_227' title='bbox 627 3735 750 3799; x_wconf 88' lang='lat' dir='ltr'><strong>causas,</strong></span> <span class='ocrx_word' id='word_1_228' title='bbox 772 3733 831 3779; x_wconf 89' lang='lat' dir='ltr'><strong>cnr</strong></span> <span class='ocrx_word' id='word_1_229' title='bbox 852 3713 1000 3778; x_wconf 89' lang='lat' dir='ltr'><strong>lubenter</strong></span> <span class='ocrx_word' id='word_1_230' title='bbox 1020 3715 1187 3778; x_wconf 89' lang='lat' dir='ltr'><strong>occasione</strong></span> <span class='ocrx_word' id='word_1_231' title='bbox 1207 3717 1373 3779; x_wconf 88' lang='lat' dir='ltr'><strong>uterentur</strong></span> <span class='ocrx_word' id='word_1_232' title='bbox 1384 3713 1480 3799; x_wconf 84' lang='lat' dir='ltr'><strong>Spar·</strong></span> 
     </span>
     <span class='ocr_line' id='line_1_29' title="bbox 357 3826 1481 3913; baseline 0 -21"><span class='ocrx_word' id='word_1_233' title='bbox 357 3831 423 3892; x_wconf 89' lang='lat' dir='ltr'><strong>tani</strong></span> <span class='ocrx_word' id='word_1_234' title='bbox 453 3829 665 3913; x_wconf 83' lang='lat' dir='ltr'><strong>expeditionis</strong></span> <span class='ocrx_word' id='word_1_235' title='bbox 693 3830 727 3892; x_wconf 93' lang='lat' dir='ltr'><strong>in</strong></span> <span class='ocrx_word' id='word_1_236' title='bbox 751 3826 916 3891; x_wconf 89' lang='lat' dir='ltr'><strong>Thebanos</strong></span> <span class='ocrx_word' id='word_1_237' title='bbox 942 3826 1173 3910; x_wconf 88' lang='lat' dir='ltr'><strong>suscipiendae,</strong></span> <span class='ocrx_word' id='word_1_238' title='bbox 1197 3833 1426 3891; x_wconf 87' lang='lat' dir='ltr'><strong>enumerantur</strong></span> <span class='ocrx_word' id='word_1_239' title='bbox 1446 3833 1481 3892; x_wconf 91' lang='lat' dir='ltr'><strong>et</strong></span> 
     </span>
     <span class='ocr_line' id='line_1_30' title="bbox 357 3935 1478 4024; baseline -0.004 -17"><span class='ocrx_word' id='word_1_240' title='bbox 357 3943 450 4007; x_wconf 88' lang='lat' dir='ltr'><strong>haec:</strong></span> <span class='ocrx_word' id='word_1_241' title='bbox 479 3942 753 4024; x_wconf 64' lang='lat' dir='ltr'><strong>„desperavissemus</strong></span> <span class='ocrx_word' id='word_1_242' title='bbox 781 3938 812 4001; x_wconf 81' lang='grc' dir='ltr'><strong>δὲ</strong></span> <span class='ocrx_word' id='word_1_243' title='bbox 835 3936 886 4002; x_wconf 81' lang='grc' dir='ltr'><strong>καί</strong></span> <span class='ocrx_word' id='word_1_244' title='bbox 910 3939 947 4009; x_wconf 78' lang='grc' dir='ltr'><strong>ὡς</strong></span> <span class='ocrx_word' id='word_1_245' title='bbox 971 3935 1041 4002; x_wconf 80' lang='grc' dir='ltr'><em>θύειν</em></span> <span class='ocrx_word' id='word_1_246' title='bbox 1063 3961 1097 4001; x_wconf 88' lang='grc' dir='ltr'><strong>τε</strong></span> <span class='ocrx_word' id='word_1_247' title='bbox 1120 3937 1149 4001; x_wconf 87' lang='grc' dir='ltr'><strong>ἕν</strong></span> <span class='ocrx_word' id='word_1_248' title='bbox 1173 3936 1284 4002; x_wconf 77' lang='grc' dir='ltr'><em>Αὐλίδι</em></span> <span class='ocrx_word' id='word_1_249' title='bbox 1307 3939 1356 4002; x_wconf 81' lang='grc' dir='ltr'><strong>τὸν</strong></span> <span class='ocrx_word' id='word_1_250' title='bbox 1379 3938 1478 4016; x_wconf 76' lang='grc' dir='ltr'><em>Ἀγη-</em></span> 
     </span>
     <span class='ocr_line' id='line_1_31' title="bbox 357 4047 1480 4131; baseline -0.002 -14"><span class='ocrx_word' id='word_1_251' title='bbox 357 4052 457 4118; x_wconf 87' lang='grc' dir='ltr'><em>σίλανν</em></span> <span class='ocrx_word' id='word_1_252' title='bbox 480 4053 531 4117; x_wconf 81' lang='grc' dir='ltr'><strong>οὐκ</strong></span> <span class='ocrx_word' id='word_1_253' title='bbox 554 4049 615 4116; x_wconf 79' lang='grc' dir='ltr'><em>σίων</em></span> <span class='ocrx_word' id='word_1_254' title='bbox 638 4055 690 4116; x_wconf 84' lang='grc' dir='ltr'><strong>καί</strong></span> <span class='ocrx_word' id='word_1_255' title='bbox 715 4049 755 4114; x_wconf 75' lang='lat' dir='ltr'><strong>rat</strong></span> <span class='ocrx_word' id='word_1_256' title='bbox 778 4047 922 4127; x_wconf 81' lang='grc' dir='ltr'><em>τεθυμένα</em></span> <span class='ocrx_word' id='word_1_257' title='bbox 944 4049 1004 4130; x_wconf 83' lang='grc' dir='ltr'><em>ίερίι</em></span> <span class='ocrx_word' id='word_1_258' title='bbox 1026 4051 1063 4122; x_wconf 77' lang='grc' dir='ltr'><strong>τίς</strong></span> <span class='ocrx_word' id='word_1_259' title='bbox 1087 4047 1203 4131; x_wconf 74' lang='grc' dir='ltr'><em>ἔρριψαν</em></span> <span class='ocrx_word' id='word_1_260' title='bbox 1220 4048 1281 4115; x_wconf 71' lang='lat' dir='ltr'><strong>ciart</strong></span> <span class='ocrx_word' id='word_1_261' title='bbox 1301 4055 1353 4114; x_wconf 82' lang='grc' dir='ltr'><strong>τοῦ</strong></span> <span class='ocrx_word' id='word_1_262' title='bbox 1373 4049 1480 4127; x_wconf 79' lang='grc' dir='ltr'><strong><em>βωμοῦ</em></strong></span> 
     </span>
     <span class='ocr_line' id='line_1_32' title="bbox 356 4160 1479 4244; baseline -0.002 -15"><span class='ocrx_word' id='word_1_263' title='bbox 356 4164 405 4230; x_wconf 76' lang='grc' dir='ltr'><strong>καί</strong></span> <span class='ocrx_word' id='word_1_264' title='bbox 439 4162 481 4228; x_wconf 75' lang='grc' dir='ltr'><strong>ὅτι</strong></span> <span class='ocrx_word' id='word_1_265' title='bbox 515 4161 577 4228; x_wconf 78' lang='grc' dir='ltr'><em>οὐδὲ</em></span> <span class='ocrx_word' id='word_1_266' title='bbox 610 4164 651 4236; x_wconf 89' lang='grc' dir='ltr'><strong>είς</strong></span> <span class='ocrx_word' id='word_1_267' title='bbox 686 4163 738 4235; x_wconf 71' lang='grc' dir='ltr'><strong>τὴν</strong></span> <span class='ocrx_word' id='word_1_268' title='bbox 771 4161 878 4227; x_wconf 84' lang='grc' dir='ltr'><em>Ἀσίαν</em></span> <span class='ocrx_word' id='word_1_269' title='bbox 909 4160 1130 4244; x_wconf 75' lang='grc' dir='ltr'><em>ξυνεσσρίσεννν</em></span> <span class='ocrx_word' id='word_1_270' title='bbox 1161 4160 1368 4243; x_wconf 71' lang='grc' dir='ltr'><em>Ἀγησιλνίῳ.”</em></span> <span class='ocrx_word' id='word_1_271' title='bbox 1392 4162 1479 4227; x_wconf 88' lang='lat' dir='ltr'><strong>Leve</strong></span> 
     </span>
     <span class='ocr_line' id='line_1_33' title="bbox 359 4273 1479 4362; baseline -0.003 -19"><span class='ocrx_word' id='word_1_272' title='bbox 359 4278 461 4344; x_wconf 83' lang='lat' dir='ltr'><strong>videri</strong></span> <span class='ocrx_word' id='word_1_273' title='bbox 490 4279 591 4362; x_wconf 88' lang='lat' dir='ltr'><strong>possit</strong></span> <span class='ocrx_word' id='word_1_274' title='bbox 620 4277 705 4360; x_wconf 92' lang='lat' dir='ltr'><strong>quod</strong></span> <span class='ocrx_word' id='word_1_275' title='bbox 729 4277 808 4340; x_wconf 91' lang='lat' dir='ltr'><strong>mihi</strong></span> <span class='ocrx_word' id='word_1_276' title='bbox 830 4277 864 4339; x_wconf 90' lang='lat' dir='ltr'><strong>in</strong></span> <span class='ocrx_word' id='word_1_277' title='bbox 888 4275 938 4339; x_wconf 90' lang='lat' dir='ltr'><strong>his</strong></span> <span class='ocrx_word' id='word_1_278' title='bbox 961 4274 1067 4340; x_wconf 88' lang='lat' dir='ltr'><strong>verbis</strong></span> <span class='ocrx_word' id='word_1_279' title='bbox 1089 4275 1262 4360; x_wconf 87' lang='lat' dir='ltr'><strong>displiceat,</strong></span> <span class='ocrx_word' id='word_1_280' title='bbox 1285 4275 1342 4340; x_wconf 90' lang='lat' dir='ltr'><strong>sed</strong></span> <span class='ocrx_word' id='word_1_281' title='bbox 1366 4273 1421 4338; x_wconf 89' lang='lat' dir='ltr'><strong>ubi</strong></span> <span class='ocrx_word' id='word_1_282' title='bbox 1443 4276 1479 4340; x_wconf 93' lang='lat' dir='ltr'><strong>id</strong></span> 
     </span>
    </p>
   </div>
   <div class='ocr_carea' id='block_1_3' title="bbox 0 0 1675 5252">
    <p class='ocr_par' dir='ltr' id='par_1_4' title="bbox 0 0 1675 5252">
     <span class='ocr_line' id='line_1_34' title="bbox 0 0 1675 5252; baseline 0 0"><span class='ocrx_word' id='word_1_283' title='bbox 0 0 1675 5252; x_wconf 95' lang='lat' dir='ltr'><strong> </strong></span> 
     </span>
    </p>
   </div>
  </div>
 </body>
</html>
