3352 5260
919 607 981 676 130

383 799 469 864 enim
492 800 601 864 minus
624 797 763 864 absurda
785 801 863 862 sunt
886 815 983 881 quum
1007 815 1053 878 ee,
1078 815 1160 880 quae
1182 795 1504 881 praecedunt,tamen

383 914 494 978 invitis
516 909 620 976 Musis
643 912 695 974 hic
716 911 820 995 posita
843 910 1001 974 videntur.

428 1024 502 1089 Non
538 1025 668 1108 quidem
700 1021 845 1106 improbo
880 1041 1060 1087 sermonem
1094 1041 1159 1106 quo
1191 1022 1210 1103 ᾗ
1242 1021 1284 1084 64
1308 1022 1425 1106 scripta
1450 1026 1505 1104 ost,

384 1139 585 1224 dignumque
608 1157 681 1202 eum
705 1138 811 1201 locum
835 1155 905 1202 esse
928 1154 1052 1218 censeo,
1072 1137 1127 1201 oni
1143 1137 1260 1220 ineptis
1279 1134 1507 1200 duobusaddi-

383 1253 534 1316 tementis
556 1252 665 1316 eiectis
686 1251 842 1334 pristinus
861 1251 947 1314 nitor
965 1251 1154 1314 restituatur
1173 1248 1318 1331 (delenda
1329 1250 1416 1312 enim
1429 1254 1507 1314 sunt

384 1364 483 1429 verba
513 1362 550 1436 ὥς
579 1364 610 1428 ἐν
637 1369 674 1442 τῇ
698 1367 802 1444 γραφῇ
826 1359 992 1442 ἐγέγραπτο
1016 1366 1047 1426 et
1070 1357 1083 1426 ὃ
1107 1360 1142 1434 be
1165 1359 1178 1424 ὅ
1201 1359 1393 1441 γραψάμενος
1416 1360 1506 1424 αὐτὸν

384 1475 518 1562 ᾐτιᾶτο).
541 1473 660 1541 Nullus
680 1481 787 1543 tamen
807 1476 859 1540 hic
877 1474 1136 1554 ἄνακεφαλαιώσει
1155 1475 1245 1540 Ιοοιιι
1265 1473 1407 1540 estNon
1420 1476 1505 1539 enim

384 1591 424 1654 ad
454 1589 551 1654 finem
583 1590 724 1674 aliquem
754 1590 889 1673 scriptor
918 1589 1073 1673 pervenit,
1092 1588 1149 1654 sed
1172 1589 1279 1653 statim
1303 1587 1342 1652 de
1365 1587 1505 1652 Socratis

384 1702 560 1769 virtutibus
584 1722 714 1768 narrare
735 1704 847 1788 pergit

428 1817 569 1881 Tertium
604 1815 677 1880 libri
709 1817 804 1900 primi
837 1819 933 1899 ceput
966 1815 1047 1878 nihil
1080 1816 1147 1882 fere
1179 1814 1282 1897 habet
1316 1816 1404 1900 quod
1437 1818 1506 1880 iure

385 1930 574 2014 reprehendi
606 1931 725 2013 possit:
757 1949 859 2014 purus
889 1933 938 1993 est
962 1947 1075 2010 sermo,
1097 1930 1302 2013 perspicuum
1326 1929 1506 2011 consilinm,

386 2045 567 2129 argumenti
589 2049 694 2128 partes
718 2044 836 2128 optime
859 2043 1034 2108 decurrunt
1052 2047 1084 2107 et
1103 2044 1229 2128 egregie
1246 2044 1330 2106 inter
1350 2043 1507 2108 secohae

384 2162 464 2222 rent.
486 2156 562 2222 Tres
585 2158 670 2221 enim
694 2175 745 2222 res
769 2162 855 2238 sunt,
879 2174 962 2240 quae
985 2156 1260 2221 demonstrantur:

565 2269 593 2332 1.
617 2268 762 2334 Socrates
785 2269 918 2334 deorum
942 2269 1064 2332 cultum
1088 2288 1153 2333 non
1177 2266 1367 2353 negligebat,
1389 2267 1446 2332 sed
1469 2272 1505 2331 ut

518 2384 552 2447 in
576 2382 725 2447 omnibus
748 2382 845 2447 rebus
867 2384 911 2446 ita
938 2382 1024 2446 etin
1048 2399 1083 2446 re
1106 2381 1215 2445 divina
1233 2381 1377 2446 facienda
1400 2380 1506 2444 mode·

520 2500 609 2560 ratus
633 2499 708 2576 erat,
731 2495 908 2578 amicisque
931 2498 1042 2558 auctor
1066 2498 1142 2576 erat,
1163 2512 1203 2558 ne
1222 2493 1353 2558 modum
1374 2493 1507 2558 excede-

519 2613 600 2692 rent,
623 2608 679 2673 sed
701 2605 786 2685 νόμον
810 2606 921 2679 πόλεως
945 2611 977 2672 et
999 2606 1032 2670 τὸ
1054 2604 1135 2670 κατὰ
1158 2603 1281 2684 δύναμιν
1302 2605 1509 2671 observarent

520 2721 550 2804 (ξ
575 2722 680 2801 1-3).

566 2836 594 2898 2.
617 2833 739 2899 Eodem
764 2833 857 2897 modo
878 2833 1015 2917 simplici
1035 2837 1066 2896 et
1083 2833 1269 2917 quotidiano
1282 2833 1353 2897 cibo
1364 2838 1509 2918 potuque

520 2953 689 3014 contentus
722 2952 797 3029 erat,
824 2945 1022 3030 docebatque
1050 2947 1203 3010 lautiores
1226 2946 1336 3031 epulas
1361 2948 1509 3011 vitandas

520 3081 599 3144 esse,
631 3063 749 3145 quippe
781 3079 863 3144 quae
894 3061 1135 3144 temperantiam
1162 3058 1331 3124 redderent
1351 3059 1510 3125 difficilio-

519 3195 588 3240 rem
611 3175 641 3257 (5
670 3175 776 3255 5-7).

565 3290 593 3351 3.
631 3286 773 3351 Maxime
806 3305 881 3351 vero
916 3284 1116 3369 improbabat
1150 3290 1181 3350 et
1213 3285 1402 3371 fugiendum
1437 3307 1509 3354 esse

520 3399 653 3464 docebat
686 3399 845 3484 quidquid
879 3401 913 3463 in
950 3418 985 3464 re
1015 3401 1168 3463 amatoria
1198 3402 1391 3483 exquisitius
1414 3408 1509 3486 esset„

520 3514 720 3596 nimiumque
754 3511 952 3577 blandiretur
986 3511 1145 3595 sensibus
1180 3514 1315 3598 eiusque
1346 3514 1511 3581 doctrinae

520 3627 684 3710 egregium
708 3625 837 3690 affertur
860 3625 1045 3709 exemplum
1069 3625 1099 3707 (ᾗ
1123 3626 1251 3707 8-15).

430 3737 642 3826 Perspicuum
676 3758 745 3804 esse
780 3740 892 3823 opinor
926 3738 1051 3802 nullum
1087 3738 1140 3802 hic
1173 3739 1280 3803 locum
1311 3759 1381 3806 esse
1412 3741 1446 3822 §⁰
1469 3743 1509 3806 4:

386 3854 467 3917 nihil
490 3854 633 3918 enimin
657 3871 694 3917 ea
717 3857 773 3935 est,
797 3851 884 3936 quod
903 3851 944 3914 ad
962 3849 1101 3915 Socratis
1113 3853 1304 3916 sententiam
1317 3853 1356 3916 de
1368 3854 1511 3919 vitandis

386 3965 483 4030 rebus
517 3963 670 4045 περιέργοις
704 3970 788 4029 recte
819 3964 929 4028 referri
960 3965 1068 4048 possit.
1093 3961 1279 4030 Dindortius
1304 3966 1324 4047 ἓ
1348 3967 1388 4029 15
1414 3966 1509 4050 delet,

385 4079 540 4163 probante
562 4079 750 4159 Schenkli03
776 4096 881 4160 neque
904 4095 962 4161 ego
988 4077 1090 4159 ridde,
1113 4097 1177 4160 quo
1199 4079 1293 4143 modo
1315 4081 1422 4163 inepta
1444 4082 1510 4145 ista

384 4191 644 4272 ὥνακεφικλωίωσις
667 4191 793 4256 defendi
819 4191 929 4274 possit.

431 4303 468 4376 R.
499 4303 642 4390 Longius
679 4306 730 4388 (de
763 4304 996 4390 Xenophontis,
1031 4305 1090 4388 qui
1124 4304 1249 4387 dicitur,
1283 4305 1439 4390 Apologia
1475 4311 1508 4372 et
