3352 5260
761 627 823 690 137

412 811 521 896 Capita
537 811 615 876 VII
639 816 670 876 et
693 811 774 876 VIII
796 817 881 878 arcte
903 814 987 877 inter
1011 831 1045 877 se
1071 814 1249 896 cohaerent,
1272 814 1357 898 quod

367 928 398 988 et
420 926 458 1007 is,
482 925 539 1009 qui
561 924 730 990 exordium
750 926 862 1009 capitis
886 925 952 989 VH
974 923 1045 1010 (aab
1067 925 1127 1002 aba
1156 964 1189 973 -
1202 926 1354 1012 ἐπαρκεῖν)

366 1039 501 1122 scripsit
537 1037 717 1122 significare
753 1044 907 1103 conatur:
938 1043 1073 1103 conotar
1104 1038 1186 1123 dico,
1208 1059 1282 1103 nam
1306 1058 1358 1104 res

368 1150 454 1214 haud
486 1149 620 1215 feliciter
653 1151 776 1214 homini
810 1151 923 1215 cessit:
960 1150 1080 1215 Graece
1111 1152 1197 1216 enim
1220 1151 1359 1217 scribere

367 1262 537 1328 nesciebat
562 1262 651 1340 Quae
673 1265 758 1328 enim
782 1269 859 1329 sunt
877 1265 958 1328 istae
977 1263 1100 1344 daupein
1120 1266 1257 1349 species:
1277 1265 1310 1328 ai
1321 1264 1357 1330 a·

366 1373 487 1454 ἄγνοιαν
509 1381 540 1441 et
562 1375 594 1439 at
616 1375 653 1440 δι’
676 1372 809 1443 traseae?
837 1375 917 1453 Quis
943 1397 1086 1460 unquam
1107 1377 1186 1442 duas
1206 1379 1358 1462 resinep·

366 1491 432 1554 tius
458 1491 542 1554 iuter
564 1508 598 1554 se
622 1490 782 1574 oppositas
805 1489 886 1554 vidit
912 1509 1008 1573 quam
1031 1489 1135 1569 padua
1161 1495 1192 1555 et
1215 1489 1357 1556 διδάσκων

366 1600 508 1675 ἀλλήλοις
541 1601 701 1681 ratapant
732 1601 830 1667 Recte
862 1608 970 1666 autem
1001 1604 1104 1687 capita
1134 1603 1200 1667 VII
1223 1610 1256 1668 et
1277 1604 1359 1669 VIII

366 1716 401 1779 in
425 1714 506 1779 libro
532 1714 598 1796 „de
621 1714 752 1780 amicis”
778 1720 952 1799 ponuntur,
976 1717 1095 1780 rectius
1114 1718 1242 1781 itaoum
1257 1719 1360 1802 capite

368 1828 417 1893 VI
445 1830 635 1913 iunguntur,
670 1833 706 1892 ut
735 1828 841 1893 tribus
874 1829 1023 1913 deinceps
1047 1830 1204 1914 capitibus
1228 1830 1359 1895 demon·

370 1947 507 2008 stratur:
528 1941 676 2007 Socrates
699 1962 763 2006 non
788 1942 892 2006 solum
915 1944 1070 2007 amicitias
1090 1945 1260 2009 conciliare
1271 1951 1360 2029 pote·

369 2061 426 2138 rat
450 2055 506 2120 sed
530 2056 624 2119 etiam
648 2056 759 2119 amicis
783 2057 852 2120 suis
871 2055 960 2119 utilis
979 2075 1057 2120 esse.
1077 2055 1361 2141 Egregiaeasunt‚

370 2187 453 2252 quae
487 2188 505 2232 a
540 2169 641 2252 capite
671 2167 736 2232 VH
766 2188 870 2252 usque
901 2169 941 2233 ad
964 2168 998 2232 X
1020 2169 1190 2254 leguntur3
1215 2172 1360 2242 omnium

369 2301 444 2347 vero
475 2281 786 2366 praestantIssimum
818 2285 913 2365 caput
941 2280 1007 2345 VII
1030 2287 1086 2346 est
1110 2281 1181 2345 Hoc
1204 2288 1301 2366 caput
1324 2288 1361 2347 ut

368 2396 485 2460 iterum
506 2395 689 2478 iterumque
711 2394 862 2478 relegant
888 2394 1038 2459 omnibus
1062 2401 1173 2459 auctor
1197 2416 1279 2478 sum,
1303 2398 1360 2481 qui

370 2508 430 2573 sibi
453 2508 588 2574 firmiter
609 2509 709 2573 velint
730 2508 932 2593 persuadere,
953 2528 1017 2573 non
1036 2514 1101 2573 tam
1117 2510 1359 2591 „mediocrem”

369 2623 556 2706 scriptorem
589 2621 691 2686 fuisse
722 2621 979 2706 Xenophontem,
1009 2627 1046 2686 ut
1077 2623 1179 2688 literis
1209 2624 1361 2690 mandare

368 2740 477 2820 posset
504 2736 641 2819 ineptias
671 2735 752 2818 illas,
784 2754 867 2819 quae
894 2754 983 2799 nunc
1008 2755 1136 2819 sparsae
1160 2755 1217 2819 per
1240 2735 1361 2801 Memo-

371 2848 485 2913 rabilia
506 2848 668 2932 leguntur.

415 2961 525 3046 Capita
545 2961 611 3025 VII
634 2967 665 3026 et
688 2961 770 3026 VIII
792 2960 873 3026 bene
896 2980 971 3025 cum
994 2960 1040 3025 VI
1058 2962 1151 3046 iungi
1169 2981 1264 3045 posse
1276 2962 1360 3027 dioe-

370 3074 452 3139 bam.
487 3073 680 3138 Concinnior
713 3079 819 3138 tamen
856 3075 951 3138 etiam
986 3078 1070 3138 esset
1104 3079 1258 3139 tractatus
1294 3075 1361 3157 „de

371 3185 513 3269 amicis''‚
544 3188 572 3251 si
603 3187 709 3250 statim
732 3192 805 3270 post
827 3206 852 3250 c.
876 3186 924 3250 VI
947 3192 1159 3270 sequerentur
1181 3189 1288 3272 capita
1310 3188 1362 3252 IX

371 3305 403 3365 et
432 3299 482 3363 X:
514 3300 558 3363 ita
589 3300 675 3363 enim
698 3301 852 3364 continua
874 3301 1058 3365 narratione
1082 3301 1362 3386 demonstraretur,

373 3435 437 3500 quo
470 3414 563 3478 modo
595 3413 740 3480 Socrates
771 3414 884 3479 dooere
915 3414 1047 3480 soleret:
1072 3415 1225 3496 beneficiis
1247 3416 1363 3490 amicos

370 3550 435 3594 esse
467 3529 682 3594 maturandos
716 3528 781 3610 (oc.
810 3528 867 3610 VI,
896 3528 957 3610 IX,
988 3527 1048 3612 X),
1070 3530 1165 3613 eique
1188 3531 1363 3594 narrationi

371 3642 564 3707 adderentur
587 3641 734 3726 exempla
757 3641 832 3723 (VII
855 3648 887 3706 et
909 3641 1010 3723 VIH),
1034 3640 1153 3724 quibus
1174 3640 1363 3725 probaretur

372 3753 534 3819 Socratem
575 3756 683 3839 ipsum
726 3756 795 3819 suis
837 3756 949 3819 amicis
988 3754 1185 3838 sapientibus
1221 3755 1363 3820 consiliis

371 3867 537 3952 profuisse.

284 3979 419 4046 Omissis
438 4000 513 4066 ergo
533 3981 692 4065 capitibus
711 3980 759 4044 IV
778 3987 809 4047 et
830 3982 861 4044 V
879 3981 1003 4065 reliqua
1023 3982 1083 4045 hoo
1100 3981 1220 4063 ordine,
1233 4000 1363 4065 quaeso,
1477 3965 1479 3972 ¹

238 4094 345 4177 lector,
367 4113 533 4178 percurre:
557 4094 600 4176 II,
622 4094 681 4176 III,
702 4093 757 4177 VI,
776 4093 836 4177 IX,
855 4093 898 4175 Χ,
916 4094 990 4176 VII,
1010 4093 1109 4156 VHI:
1130 4093 1285 4158 concedes
1306 4099 1364 4159 aut

238 4208 485 4293 Xenophontem
508 4210 553 4273 ita
574 4211 748 4294 scripsisse,
767 4213 823 4273 aut
841 4208 956 4273 saltem
975 4209 1019 4271 ita
1033 4207 1238 4272 scribendum
1249 4207 1357 4273 fuisse.
