3348 5262
856 585 920 651 296

312 776 520 860 adscripsisse
552 775 671 858 aliquis
703 773 834 838 videtur
862 772 904 836 ad
926 772 1158 855 explicandum
1183 777 1301 851 σχοῖενς
1329 793 1442 858 quam-

313 907 414 973 quam
439 888 576 951 minime
597 887 631 950 id
655 885 788 970 quidem
812 886 1031 949 necessarium
1053 889 1129 967 orat,
1149 904 1226 948 nam
1246 885 1336 949 illius
1350 884 1438 950 verbi

311 1001 495 1066 subiectum
526 1019 596 1064 esse
626 999 678 1064 vel
708 997 880 1082 Spartanos
912 996 1154 1081 (Spartanorum
1185 999 1361 1080 civitatem)
1392 999 1442 1064 vel

233 1089 237 1096 ⁴
317 1114 550 1199 Spartanorum
595 1112 712 1176 milites
755 1114 833 1192 (non
873 1110 1019 1175 Eteonioi
1059 1115 1187 1175 tantum
1224 1111 1280 1177 sed
1316 1115 1439 1194 omnes)

318 1229 458 1312 quisque
491 1227 586 1292 videt
622 1224 736 1308 Neque
771 1224 858 1308 quod
888 1224 977 1288 aliud
1008 1228 1057 1288 est
1087 1224 1177 1288 verbi
1208 1230 1321 1303 σχοῖεν,
1354 1226 1446 1290 aliud

316 1340 407 1407 verbi
431 1333 480 1403 ὦσε
504 1339 700 1421 subiectum,
722 1342 780 1402 aut
801 1337 987 1401 inauditum
1013 1342 1062 1402 est
1085 1342 1142 1401 aut
1167 1338 1353 1402 molestum.

358 1453 399 1517 In
433 1454 483 1536 iis,
514 1471 599 1536 quae
631 1453 825 1534 sequuntur,
855 1469 976 1514 nomen
1006 1445 1203 1521 ὁἘτείνοκος
1226 1449 1275 1514 bis
1298 1450 1447 1514 additum

318 1572 376 1650 est,
410 1585 476 1630 non
511 1587 530 1629 a
559 1563 783 1647 Xenophonte,
815 1566 852 1626 ut
882 1564 1004 1646 opinor,
1036 1581 1151 1626 verum
1179 1563 1338 1628 electore
1362 1565 1449 1628 male

326 1680 447 1746 sedulo.
480 1678 609 1743 Omisso
640 1678 726 1742 enim
760 1676 930 1760 utrobique
960 1676 1015 1739 illo
1040 1678 1173 1740 nomine
1196 1679 1336 1741 narratio
1360 1678 1451 1742 haud

321 1794 419 1879 paulo
452 1793 491 1856 ad
522 1792 694 1876 legendum
726 1790 782 1855 fiet
811 1789 1000 1854 iucundior:
1026 1793 1110 1854 certe
1133 1787 1251 1853 illudi
1275 1788 1449 1863 Ἐτεόνικος,

323 1907 411 1992 quod
434 1907 526 1990 prius
548 1907 692 1989 positum
715 1909 772 1986 est,
794 1903 870 1968 ferri
892 1902 984 1966 nullo
1009 1902 1105 1966 modo
1133 1907 1245 1986 potest

366 2020 392 2103 Ι,
416 2019 444 2082 6.
469 2017 541 2082 Ohii
565 2018 727 2100 ceterique
750 2015 983 2100 Spartanorum
1005 2016 1083 2080 soeii
1102 2014 1269 2098 Ephesum
1291 2035 1451 2082 convene-

321 2137 408 2214 runt,
448 2131 558 2214 ibique
596 2126 810 2206 ἐβουλεύσαντο
844 2125 907 2208 περὶ
942 2131 998 2191 τῶν
1032 2124 1225 2201 ἐνεστηκότων
1259 2125 1450 2208 πραγμνίτων

319 2244 447 2322 πέμπειν
481 2244 521 2314 είς
550 2240 764 2319 Λακεδαίμονα
793 2238 938 2322 πρέσβεις.
970 2240 1061 2304 Num
1093 2239 1380 2324 obtemperandum
1408 2244 1451 2306 sit

321 2359 452 2442 (iubeto,
482 2363 555 2442 post
585 2354 773 2437 πραγμάτων
803 2357 957 2421 inserenti
986 2352 1038 2419 καὶ
1062 2351 1151 2429 ἔδοξε,
1177 2355 1298 2422 dubito.
1324 2356 1449 2421 Eadem

322 2473 408 2538 enim
433 2471 588 2536 brevitate
606 2471 725 2554 legitur
743 2469 803 2552 IH,
824 2471 853 2551 3,
874 2471 933 2533 38:
955 2465 1006 2532 καί
1018 2465 1228 2546 ξυλλεχίμενα
1241 2471 1297 2532 τῶν
1310 2468 1451 2550 γερόντων

321 2583 406 2648 ἄλλον
432 2581 532 2646 ἄλλοθι
556 2579 769 2660 ἐβουλεύσαντο
794 2579 917 2660 πέμψαν
940 2580 990 2644 τὸν
1016 2578 1166 2644 nivatam
1190 2580 1230 2652 είς
1255 2581 1391 2648 Αὐλῶνα.

366 2697 588 2763 Decreverunt
620 2715 694 2780 ergo
721 2697 800 2760 socii
822 2696 945 2779 legatos
968 2694 1117 2778 Spartam
1142 2695 1269 2760 mittere
1291 2693 1392 2760 τοῦτοί
1416 2719 1452 2759 τε

321 2812 455 2891 ἐροῦντας
485 2807 537 2872 καὶ
569 2806 737 2888 Λύσανδρον
768 2807 943 2881 αἰτήσοντας
974 2805 1024 2870 ἐπὶ
1055 2805 1111 2879 τοὶς
1135 2809 1215 2879 ναῦς,
1240 2800 1272 2870 εὖ
1293 2806 1453 2888 Φερίμενον

322 2922 404 3004 παρα
427 2927 489 2994 τοῖς
513 2918 689 3000 Ευμμοίχυνς
713 2919 794 2984 κατα
817 2920 869 2992 τὴν
893 2917 1030 3000 προτέραν
1055 2918 1229 2999 ναυαρχίαν,
1254 2916 1302 2983 ίτε
1324 2916 1377 2984 καί
1395 2918 1454 2992 τὴν

321 3038 350 3100 ἕν
386 3034 481 3115 Νοτίῳ
512 3033 624 3108 ε’νίκνρσε
656 3032 840 3113 ναυμαχίαν.
874 3032 1042 3118 Languida
1072 3039 1104 3099 et
1134 3053 1268 3117 prorsus
1291 3035 1454 3100 inutiliter

321 3149 411 3214 istud
434 3144 677 3227 ὅτε-ναυμαχίαν
697 3148 833 3211 additur.
854 3146 970 3231 Neque
990 3149 1077 3212 enim
1100 3149 1274 3231 quisquam
1290 3148 1451 3212 lectorum

323 3265 499 3327 immernor
533 3281 604 3326 esse
639 3265 743 3344 potest
773 3261 925 3325 victoriae
955 3260 1042 3344 apud
1072 3260 1208 3325 Notium
1241 3259 1454 3342 aLysandro

325 3380 514 3460 reportatae,
547 3380 582 3439 et
609 3373 801 3458 Xenophon,
834 3375 862 3438 si
893 3375 963 3438 eius
996 3375 1187 3438 memoriam
1222 3373 1275 3437 hio
1297 3393 1456 3439 renovare

324 3490 489 3571 voluisset,
524 3488 671 3570 breviter,
706 3491 743 3550 ut
774 3489 895 3570 opinor,
927 3507 984 3570 pro
1015 3485 1097 3550 κατα
1130 3485 1182 3557 τὴν
1204 3484 1342 3566 προτέραν
1354 3533 1453 3550 .....

325 3601 500 3681 ναυμαχίαν
524 3602 675 3665 dixisset:
700 3598 824 3672 δισσοῖν
848 3600 876 3662 ἐν
901 3598 996 3679 Νοτίῳ
1019 3598 1106 3671 νίκην.

368 3717 394 3798 I,
418 3717 468 3779 15.
501 3713 672 3795 προςβαλὼν
703 3710 785 3776 πόλει
817 3711 977 3783 Ἀθηναίων
1009 3708 1168 3791 ξυμμίχῳ
1191 3708 1284 3788 ὄνομα
1308 3710 1456 3792 Κεδρείαις

325 3837 361 3908 τῇ
397 3826 534 3908 ὑστεραία
567 3825 712 3906 προςβολῇ
748 3824 829 3889 κατα
859 3823 962 3905 κροίτος
994 3823 1071 3904 αἱρεῖ.
1105 3823 1206 3886 Nihili
1237 3830 1285 3888 est
1316 3822 1457 3908 ὑστεραία

326 3939 482 4021 προςβολῇ,
506 3946 656 4024 reeteque
677 3939 875 4024 Zurborgius
896 3937 1090 4003 vocabulum
1112 3938 1259 4017 προσβολῇ
1279 3937 1454 4002 delendum

326 4074 395 4119 esse
419 4055 552 4136 censuit,
577 4057 633 4116 aut
658 4053 697 4116 ab
722 4071 759 4116 eo
785 4052 932 4116 additum
956 4053 1014 4134 qui
1038 4052 1184 4134 nesciret,
1209 4051 1261 4114 vel
1282 4069 1348 4114 non
1367 4053 1457 4134 cogi-

325 4172 415 4251 taret,
441 4167 521 4250 quid
543 4172 627 4231 esset
650 4167 666 4237 i
693 4164 839 4245 ὑστεραία,
865 4165 881 4238 ἡ
907 4165 1073 4244 προτεραία,
1098 4170 1155 4229 aut
1178 4165 1351 4230 verborum
1372 4165 1457 4228 κατα

326 4278 429 4359 νροίτος
453 4280 720 4364 explicandorum
746 4282 848 4363 gratie
873 4281 909 4342 in
934 4280 1078 4363 margine
1101 4279 1310 4362 adscriptum.
