3354 5268
865 615 907 676 28

316 823 397 868 nens
429 803 580 886 quodque
602 801 780 884 periculum
806 800 1004 881 instruxerit,
1029 798 1187 882 quidquid
1210 799 1334 862 deesset
1359 818 1434 883 sup-

316 917 451 1000 pleverit
484 916 583 979 lector
618 915 756 978 docetur.
787 913 944 976 Primaria
974 931 1050 976 vero
1081 932 1155 995 pars
1181 913 1372 976 narrationis
1396 913 1435 976 de

316 1029 445 1112 proeliis
480 1048 553 1091 cum
587 1026 730 1090 barbaris
764 1027 838 1109 agit,
868 1026 901 1087 in
936 1024 1055 1108 quibus
1088 1024 1285 1088 sustinendis
1316 1024 1434 1088 ducum

318 1142 520 1224 militumque
553 1140 607 1204 sed
631 1141 814 1223 praesertim
839 1137 1064 1221 Xenophontis
1089 1143 1120 1201 et
1143 1135 1324 1221 Chirisophi
1347 1137 1436 1201 labor

317 1254 466 1316 cernitur.
496 1250 641 1315 laetiora
665 1269 792 1334 quoque
817 1251 866 1314 his
888 1249 1040 1333 periculis
1063 1251 1340 1313 intermiscentur:
1364 1251 1436 1330 ioci,

318 1365 437 1450 quibus
462 1384 495 1429 se
518 1365 656 1428 invicem
680 1364 750 1426 dux
769 1363 974 1426 Atheniensis
993 1367 1023 1425 et
1043 1362 1112 1425 dux
1125 1360 1301 1444 Spartanus
1314 1365 1436 1444 petunt,

316 1478 444 1541 ridiculi
472 1477 700 1540 nonnullarum
732 1477 886 1559 gentium,
917 1493 999 1556 quae
1030 1467 1099 1538 sine
1122 1474 1240 1556 proelio
1264 1474 1435 1536 transitum

318 1591 482 1670 dederunt,
505 1608 618 1670 morae,
643 1587 835 1652 Graecorum
860 1587 1020 1651 cumillis
1042 1587 1193 1670 gentibus
1217 1587 1383 1649 convictus
1404 1591 1436 1648 et

317 1705 464 1784 amicitia,
493 1703 655 1784 copiarum
688 1707 855 1784 conspecto
885 1701 965 1763 mari
988 1700 1101 1782 ingens
1124 1699 1261 1777 laetitia3
1286 1704 1317 1762 et
1340 1700 1436 1782 aptis-

319 1817 399 1878 sime
432 1814 545 1876 harum
581 1815 725 1877 omnium
760 1832 867 1876 rerum
899 1814 1037 1876 narratio
1068 1813 1229 1875 clauditur
1250 1811 1336 1875 ludis
1359 1831 1433 1876 curn

319 1945 446 1992 summo
469 1925 586 2009 gaudio
609 1927 741 2007 risuque
766 1924 939 1990 celebratis.

360 2039 433 2103 Norr
457 2058 538 2122 nego
562 2038 710 2121 equidem
734 2039 791 2102 hos
815 2037 912 2102 libros
936 2042 1045 2102 nostro
1068 2039 1163 2101 etiarn
1187 2043 1330 2121 tempore
1349 2038 1434 2101 lectu

317 2152 569 2216 iucundissimos
605 2170 690 2214 esse:
727 2151 781 2214 sed
817 2170 910 2214 nemo
942 2152 1084 2233 scriptor,
1117 2156 1152 2214 ut
1184 2153 1305 2234 opinor,
1336 2170 1376 2214 ne
1405 2152 1434 2214 is

318 2264 457 2346 quidem,
481 2265 573 2327 cuius
595 2262 677 2326 liber
699 2267 804 2337 ariae
828 2261 866 2331 εἰς
890 2262 937 2325 dal
957 2263 1101 2326 futurum
1127 2264 1176 2344 sit,
1200 2263 1278 2326 alios
1301 2265 1434 2327 lectores

317 2377 454 2459 cogitare
486 2380 598 2459 potest,
622 2394 718 2458 qnam
742 2394 818 2438 suos
841 2376 997 2457 aequales.
1022 2375 1098 2439 Illos
1122 2381 1158 2439 ut
1182 2376 1291 2439 doceat
1315 2377 1435 2440 exhila-

316 2493 428 2570 ratque
451 2487 609 2551 scribendi
633 2489 717 2569 capit
739 2487 917 2550 consilium.
939 2485 1026 2561 Quos
1046 2495 1152 2551 autem
1174 2488 1307 2552 lectores
1327 2488 1436 2551 Xeno·

316 2599 465 2681 phontem
490 2605 562 2662 ante
586 2599 694 2662 oculos
717 2597 868 2662 habuisse
892 2618 1079 2664 censeamus
1100 2619 1175 2684 prae
1194 2602 1243 2681 iis,
1256 2603 1312 2684 qui
1325 2621 1433 2664 secum

316 2712 349 2773 10
370 2711 519 2793 periculis
538 2710 658 2774 fuerint
677 2711 764 2791 socii,
785 2712 840 2793 qui
860 2730 918 2774 000
940 2711 1038 2774 ductu
1051 2731 1117 2774 rem
1129 2714 1294 2795 gesserint,
1308 2712 1433 2776 easdem

316 2824 455 2887 viderint
478 2825 634 2907 regiones,
657 2829 790 2904 monteS,
813 2822 955 2905 flumina,
980 2824 1107 2888 eosdem
1125 2825 1260 2908 populos
1279 2844 1433 2908 cognove-

316 2938 389 3016 rint,
413 2937 537 3000 eosdem
561 2938 648 3000 iocos
672 2935 840 3017 audierint,
862 2937 896 2998 in
917 2936 1030 3000 iisdem
1050 2937 1134 3000 ludis
1157 2937 1329 3001 certarint?
1347 2936 1433 3000 Num

317 3069 391 3132 ergo
422 3050 585 3132 probabile
617 3056 673 3132 est,
696 3050 942 3134 Xenophontem
965 3070 1022 3134 per
1045 3053 1158 3134 viginti
1182 3071 1282 3114 annos
1305 3052 1432 3115 illarum

317 3181 423 3225 rerum
448 3164 661 3226 narrationem
684 3164 770 3226 domi
792 3183 869 3227 suae
886 3165 1081 3228 reconditam
1103 3164 1348 3243 habuisselnam
1362 3173 1434 3229 ante

316 3274 398 3336 illud
433 3275 569 3356 spatium
606 3275 766 3354 scripsisse
798 3277 838 3338 iis
874 3296 1019 3359 quoque.
1039 3278 1173 3359 videtur,
1207 3279 1262 3360 qui
1296 3277 1435 3360 Kriigari

316 3387 453 3449 rationes
472 3386 615 3469 probant.
634 3386 826 3471 Roquettius
848 3389 958 3452 saltem
978 3410 1007 3472 p.
1021 3389 1063 3452 63
1083 3409 1146 3452 non
1160 3391 1256 3453 simul
1269 3391 1434 3454 Anabasin

316 3500 522 3581 compositam
536 3504 567 3562 et
579 3500 758 3583 evulgatam
771 3503 899 3583 censet),
911 3508 978 3565 tum
993 3502 1121 3565 demum
1134 3504 1167 3564 in
1182 3503 1285 3566 lucem
1298 3503 1434 3567 edidisse

317 3632 418 3694 quum
430 3613 493 3674 iam
506 3631 620 3695 magna
633 3615 885 3678 commilitonum
897 3635 971 3698 pars
984 3616 1068 3678 diem
1081 3635 1265 3698 supremum
1279 3614 1433 3679 obiisset?

362 3727 389 3787 2.
421 3723 523 3788 Multo
546 3731 652 3788 autem
676 3725 802 3791 facilius
826 3729 903 3790 mihi
926 3729 1102 3810 persuadeo
1127 3747 1234 3791 veram
1259 3748 1328 3792 esse
1352 3729 1433 3792 harro

315 3837 355 3899 de
385 3836 527 3900 Anabasi
558 3840 748 3920 opinionem,
780 3841 807 3903 si
836 3841 1026 3923 posteriores
1054 3840 1152 3904 libros
1178 3861 1251 3903 curn
1274 3841 1432 3924 prioribus

315 3967 471 4030 comparo.
504 3947 544 4011 Ιο
577 3950 738 4032 prioribus
769 3950 859 4016 libris
890 3952 1069 4034 Xenophon
1100 3955 1169 4036 ipse
1191 3955 1219 4016 is
1243 3960 1299 4034 est,
1322 3957 1376 4017 oui
1400 3973 1433 4017 se

315 4058 475 4122 confidant
504 4080 622 4142 omneS,
653 4064 705 4125 cui
732 4081 774 4126 ex
798 4064 927 4147 collegis
951 4083 1044 4127 nemo
1068 4064 1260 4146 adversetur,
1284 4067 1341 4149 qui
1363 4087 1433 4149 gra-

315 4173 483 4234 vissimum
497 4210 498 4214 =
514 4192 609 4236 suum
641 4173 780 4237 officium
805 4176 888 4238 bona
912 4195 967 4257 spe
991 4180 1021 4238 et
1045 4178 1183 4239 maximo
1207 4178 1318 4241 ardore
1341 4196 1433 4241 exse·

316 4289 441 4365 quatur,
475 4285 593 4367 optima
624 4285 663 4348 de
693 4305 727 4350 se
758 4287 877 4349 ducum
909 4287 1112 4371 militumque
1142 4290 1291 4373 opinione
1313 4289 1434 4354 fretus:
