3330 5262
851 593 914 657 340

317 781 380 846 Sed
412 780 579 846 videamus
608 782 745 844 ceteram
778 778 1013 841 narrationem:
1037 773 1101 840 ἐπεί
1124 776 1156 840 δὲ
1177 776 1303 858 νίφίκετο
1328 779 1366 850 εἰς
1390 778 1443 851 τὴν

319 893 549 974 Παφλαγονίαν,
582 886 666 965 ἡλύεν
694 887 792 962 ’Ὀσνς
816 888 867 953 καί
888 886 1075 968 ξυμμαχίαν
1097 889 1262 963 ἕσοιὴσασο.
1288 890 1368 967 Quis
1391 893 1448 958 ille

321 1005 402 1089 Otys
425 1008 467 1071 sit
490 1006 582 1070 faeile
603 1004 732 1089 quidem
755 1007 804 1068 est
822 1003 863 1067 ad
882 1003 1143 1086 intelligendum:
1166 1005 1447 1070 sociotatemenim

320 1141 395 1186 oum
425 1121 577 1204 Agesilao
606 1118 698 1182 iacit:
732 1117 904 1201 suspiceris
928 1135 1004 1200 ergo
1027 1116 1167 1181 eundem
1190 1136 1268 1196 esse,
1293 1137 1388 1201 quem
1412 1139 1448 1184 se

319 1234 463 1318 Agesilai
494 1233 616 1297 socium
640 1231 801 1294 fauturum
827 1231 1017 1314 promiserat
1038 1228 1267 1313 Spithridates;
1292 1251 1446 1316 magnum

320 1347 498 1411 exereitum
529 1345 570 1408 ad
601 1344 789 1428 Agesilaum
818 1343 928 1407 duxit:
954 1340 1119 1426 probabile
1143 1361 1180 1406 eo
1203 1342 1239 1407 fit
1263 1362 1337 1408 enm
1360 1344 1449 1408 illius

321 1460 462 1544 regionis
488 1459 665 1544 prinoipem
690 1475 769 1522 esse.
794 1455 856 1520 Sed
881 1455 964 1539 quis,
988 1474 1117 1539 quaeso,
1140 1476 1283 1540 unquam
1309 1459 1355 1521 ita
1377 1477 1450 1521 nar-

318 1573 418 1636 ravit:
447 1572 620 1655 „promisit
644 1570 795 1654 Agesilao
816 1568 1026 1653 Spithridates
1047 1587 1090 1651 se,
1103 1570 1131 1632 si
1149 1569 1184 1632 in
1197 1569 1448 1661 Paphlagoniam

319 1686 481 1770 profectus
516 1689 607 1762 esset,
642 1684 880 1768 Paphlagoniae
913 1701 1021 1767 regem
1052 1685 1082 1747 oi
1117 1684 1240 1747 socium
1276 1683 1449 1748 facturum.

323 1798 432 1875 Quum
473 1803 581 1864 autem
614 1801 650 1863 in
684 1798 935 1883 Paphlagoniam
971 1798 1115 1862 venisset
1149 1797 1331 1882 Agesilaus,
1367 1796 1449 1880 Otys

321 1912 431 1976 aderat
454 1916 487 1976 et
510 1914 693 1977 societatem
717 1910 872 1976 iunxit”?
895 1910 964 1974 Iam
990 1910 1068 1994 quid
1090 1911 1263 1994 legendum
1284 1913 1335 1994 sit,
1354 1930 1449 1976 nemo
1565 1905 1569 1914 ’

321 2044 388 2088 non
422 2024 566 2088 divinare
600 2028 712 2108 potest.
744 2022 883 2107 Nempe:
915 2022 953 2093 ὡς
986 2021 1010 2084 εί
1034 2019 1106 2086 ίλίοι
1130 2023 1199 2102 πρὸς
1222 2025 1288 2106 (alii
1310 2023 1370 2112 είς)
1397 2021 1452 2095 σὴν

321 2135 551 2218 Παφλαγονίαν,
587 2131 686 2200 Ὅσον
718 2136 798 2215 αύτῷ
830 2135 878 2199 τὸν
909 2137 965 2198 τῶν
995 2133 1207 2216 Παφλαγόνων
1229 2135 1380 2214 βασιλέα.
1396 2184 1403 2199 .
1417 2182 1449 2199 ..

320 2247 489 2331 ξύμμαχον
512 2249 630 2323 ποιὴσοι.

364 2364 390 2446 Ι,
423 2363 473 2427 12.
504 2363 681 2448 Postquam
706 2362 787 2444 Otys
812 2363 1005 2448 significavit
1027 2383 1061 2428 se
1083 2363 1221 2429 libenter
1242 2363 1449 2448 Spithridatis

320 2477 418 2542 filiam
450 2496 588 2542 uxorem
619 2477 803 2559 ducturum,
833 2478 929 2561 legati
962 2479 1135 2542 mittuntur
1157 2478 1198 2541 ad
1221 2477 1449 2562 Spithridalem

320 2595 467 2674 rogatum
500 2590 589 2654 illine
622 2589 717 2652 etiam
748 2607 804 2654 eae
834 2590 965 2672 nuptiae
988 2591 1141 2673 placeant.
1165 2587 1230 2654 ἐπεί
1254 2589 1285 2653 δὲ
1308 2589 1449 2672 διέτριβον

320 2704 450 2787 (legati),
473 2699 583 2773 Βούλει,
607 2698 666 2780 ἔφη
692 2701 898 2785 (Agesilaus),
922 2694 1057 2784 ὦίοτο,
1079 2699 1131 2764 καί
1150 2701 1238 2778 ἡμεῖς
1258 2701 1336 2782 δεῦρο
1356 2701 1450 2767 κοιλί-

321 2838 419 2893 σωμεν
451 2811 556 2888 αὐτούς
586 2812 679 2878 Duae
701 2814 753 2878 hio
775 2834 826 2880 res
849 2815 931 2878 inter
956 2833 990 2878 so
1014 2821 1237 2898 opponuntur:
1261 2815 1383 2900 legatos
1409 2817 1452 2880 ad

321 2929 547 3013 Spithridatem
572 2928 706 3010 mittere,
730 2932 761 2991 et
779 2929 886 3011 ipsum
906 2925 1132 3010 Spithridatem
1144 2946 1312 2992 arcessere.
1327 2926 1451 3005 Quodsi

322 3040 437 3123 Otyem
473 3045 617 3124 rogasset
647 3040 819 3124 Agesilaus
850 3040 972 3122 ipsisne
1003 3058 1134 3124 quoque
1151 3039 1197 3103 ad
1219 3039 1447 3124 Spithridatem

321 3161 405 3220 esset
440 3155 593 3236 eundum,
629 3155 674 3217 ira
709 3154 865 3218 dixisset:
900 3150 999 3230 βούλει
1030 3151 1081 3217 καί
1114 3151 1201 3231 ἡμεῖς
1232 3153 1326 3216 ἐκεῖσε
1349 3151 1450 3232 ίαμεν,

243 3302 245 3308 ¹
322 3274 472 3353 reeteque
501 3270 585 3332 inter
608 3286 642 3331 se
666 3271 773 3332 essent
796 3267 934 3351 oppositi
955 3268 1052 3351 legati
1076 3273 1107 3332 et
1130 3270 1187 3351 qui
1209 3267 1330 3352 legatos
1355 3270 1451 3334 mise-

323 3386 407 3447 runt.
431 3381 528 3445 Nune
551 3385 658 3445 tamen
681 3380 802 3443 iniuria
825 3398 1000 3463 pronomen
1025 3378 1109 3456 ἡμεῖς
1133 3380 1271 3463 additur,
1296 3401 1362 3465 quo
1385 3401 1452 3446 em-

323 3496 432 3581 phasis
457 3494 590 3577 tollitur,
613 3513 709 3577 quam
734 3492 928 3556 vocabulum
951 3490 1029 3572 δεῦρο
1052 3491 1169 3558 λούοιτο
1192 3512 1324 3559 necesse
1347 3499 1404 3559 est.

366 3609 392 3692 I,
419 3610 469 3672 15.
503 3608 684 3692 Agesilaus,
715 3605 772 3670 ubi
801 3605 883 3669 vidit
906 3604 1021 3687 Otyem
1045 3625 1163 3690 cupere
1186 3610 1451 3692 quamprimum

323 3717 526 3809 Spithridatis
548 3720 647 3784 filiam
673 3720 766 3784 modo
787 3718 848 3782 sibi
869 3719 1059 3803 desponsam
1081 3739 1190 3784 seeum
1210 3721 1335 3806 habere,
1354 3720 1450 3802 τριὴρὴ

323 3832 480 3914 σλὴρύσας
511 3830 563 3896 καὶ
594 3830 730 3895 Καλλίαν
760 3828 991 3907 Λακεδαιμόνιον
1023 3829 1166 3903 κελεύσας
1197 3832 1376 3913 ἀπαγαγεῖν
1396 3836 1451 3908 σὴν

322 3945 436 4020 παῖδα,
469 3945 558 4016 αὐτὸς
585 3942 635 4009 ἐπὶ
660 3942 843 4008 Δασκυλείου
866 3941 1022 4024 ἐπορεύετο.
1047 3944 1213 4029 illailla,
1236 3951 1274 4011 ut
1296 3968 1313 4013 e
1336 3947 1396 4026 HI,
1420 3951 1454 4033 4,

324 4062 364 4126 10
401 4061 623 4146 eognovimus,
655 4058 764 4141 Cynici
795 4063 862 4124 erat
894 4059 1021 4124 reliota:
1053 4065 1121 4123 erat
1150 4079 1226 4145 ergo
1256 4061 1296 4124 ad
1329 4060 1447 4143 Otyem

320 4175 517 4257 adducenda,
543 4193 609 4238 non
631 4172 824 4238 abducenda.
850 4170 1051 4256 Quapropter
1074 4175 1106 4236 et
1127 4173 1180 4238 hio
1202 4172 1374 4257 legendnm
1400 4179 1452 4238 est

322 4288 460 4367 οίγαγεῐν,
485 4287 571 4372 quod
596 4305 693 4370 supra
716 4287 780 4369 (14)
804 4288 838 4350 in
861 4287 1004 4370 Agesilai
1028 4286 1128 4351 dioto:
1153 4284 1207 4358 σὴν
1227 4283 1327 4364 μέντοι
1346 4283 1452 4350 παῖδα
