3348 5262
891 637 955 701 260

352 830 535 889 convertere
557 824 785 908 lepidissimam
805 821 960 886 Herodoti
973 823 1186 887 narrationem
1201 822 1241 885 dc
1251 821 1472 886 Themistoclis

353 939 426 1002 dolo
457 937 559 1020 (VIII,
582 939 644 1018 22).
676 936 860 1000 Iucundum
884 939 1045 1019 praeterea
1068 940 1116 1000 est
1139 935 1310 1000 observare
1333 935 1482 999 laudato-

354 1070 430 1133 rem,
455 1050 650 1134 simulatque
674 1070 693 1112 a
713 1048 936 1132 Xenophontis
957 1047 1063 1112 verbis
1075 1053 1124 1112 est
1135 1048 1360 1130 recedendum,
1373 1050 1483 1112 statim

355 1165 394 1229 ad
427 1165 566 1229 fucatam
598 1181 868 1246 numerosamque
899 1162 1035 1226 rhetoris
1063 1162 1239 1226 orationem
1264 1160 1388 1226 delabi:
1414 1159 1484 1233 τοὺς

356 1276 499 1356 redum.
524 1277 591 1350 τοὺς
614 1277 735 1341 aa...
760 1275 812 1347 τὴν
836 1275 891 1353 μὲν
918 1314 959 1324 -
983 1276 1036 1348 τὴν
1061 1274 1101 1339 δέ.

396 1392 453 1474 IV,
489 1394 516 1454 5.
552 1391 615 1456 Per
647 1390 804 1454 fallaciam
835 1409 972 1474 regnum
1004 1388 1193 1471 Leotychidi
1224 1393 1409 1473 surreptum
1441 1389 1484 1452 ad

351 1507 540 1591 Agesilaum
573 1506 759 1589 pervenisse
789 1503 971 1588 Xenophon
1003 1504 1107 1568 tradit.
1130 1503 1248 1569 Noster
1272 1523 1347 1568 vero
1372 1503 1485 1567 adiicit

353 1623 449 1685 ctiam
479 1620 593 1704 Agidis
618 1618 703 1683 bona
726 1618 877 1702 Agesilao
901 1636 970 1682 esse
994 1618 1183 1700 adiudicata,
1207 1618 1370 1701 simulque
1393 1617 1487 1682 addit

353 1733 475 1817 aliquid
500 1751 565 1816 quo
588 1733 649 1796 ista
673 1731 828 1815 iniquitas
851 1730 1007 1795 leniatur:
1029 1728 1069 1792 τὰ
1089 1728 1199 1806 ἡμίσεα
1217 1736 1278 1802 τοῖς
1298 1729 1359 1792 ἀπὸ
1371 1729 1485 1810 μητρὸς

352 1846 433 1924 αὐτῷ
456 1843 605 1922 ὁμογόνοις
629 1841 801 1922 μετέδωκεν.

395 1959 437 2041 Π,
462 1961 513 2022 24.
544 1958 695 2042 Legimus
719 1958 806 2042 apud
828 1957 1079 2042 Xenophontem
1102 1956 1195 2040 (Hell.
1218 1956 1275 2040 Vl,
1301 1958 1330 2038 5,
1353 1958 1395 2019 28
1420 1957 1483 2040 sq.)

353 2072 527 2157 Spartanos
563 2077 650 2136 metu
687 2072 851 2155 perculsos
886 2073 988 2136 servis
1020 2070 1199 2136 libertatem
1231 2071 1428 2154 promisisse,
1453 2073 1485 2134 si

354 2206 442 2249 arma
474 2189 638 2269 caperent:
671 2205 736 2268 qua
767 2204 823 2268 spe
847 2184 976 2249 allectos
1000 2189 1047 2248 tot
1069 2204 1181 2249 eorum
1206 2184 1337 2248 militiae
1361 2203 1483 2248 nomen

341 2299 487 2379 dedisse,
516 2303 553 2362 ut
575 2298 756 2382 periculum
779 2319 798 2360 a
821 2299 922 2362 serris
944 2299 1117 2362 imminens
1142 2299 1290 2362 timerent
1314 2296 1483 2381 Spartani:

352 2413 443 2476 illum
469 2418 575 2477 tamen
595 2418 790 2476 cosmatum
810 2414 971 2477 sociorum
992 2413 1133 2477 adventu
1152 2413 1346 2496 deposuisse.
1359 2411 1484 2476 Noster

351 2531 459 2590 tamen
484 2527 647 2590 historiam
672 2527 816 2590 ciusdem
835 2528 986 2610 temporis
1007 2546 1141 2590 narrans
1160 2547 1270 2590 revera
1287 2545 1392 2590 omues
1416 2545 1483 2590 ser-

279 2697 281 2702 .
351 2658 409 2702 vos
434 2638 585 2702 defecisse
608 2638 745 2702 affirmat
768 2638 820 2721 (II,
845 2641 906 2720 24).
927 2639 1138 2723 Perspicuum
1159 2644 1207 2703 cst
1227 2640 1397 2716 hominem,
1421 2643 1484 2724 qui

349 2752 448 2835 probe
476 2762 585 2816 nosset
607 2772 644 2816 ea
668 2772 750 2836 quae
773 2772 857 2816 anno
880 2754 945 2817 464
969 2753 1168 2830 accidissent,
1193 2753 1255 2816 sibi
1279 2755 1482 2836 persuasisse

349 2885 368 2928 a
397 2865 486 2928 nulla
518 2867 699 2929 narratione
730 2866 769 2929 de
801 2865 1029 2949 Spartanorum
1053 2867 1266 2930 incommodis
1290 2867 1482 2930 calamitati-

350 2976 477 3061 busque
494 2977 619 3074 ·abessc
645 2998 739 3062 posse
762 2978 915 3044 Halotum
939 2979 1157 3044 defectionem.
1182 2979 1303 3043 Mirum
1329 2984 1377 3043 est
1401 2999 1480 3044 eum

350 3096 598 3157 terraemotum
622 3113 687 3156 non
711 3094 878 3158 addidisse.

392 3204 465 3287 VII,
490 3207 508 3267 5
530 3211 678 3270 narratur
695 3208 892 3291 Agesilaum,
913 3228 1015 3291 quum
1035 3208 1064 3272 ei
1084 3210 1268 3272 nuntiatum
1283 3212 1375 3290 essct,
1389 3208 1479 3291 apud

349 3316 537 3383 Corinthum
571 3321 737 3384 victoriam
772 3342 790 3384 a
825 3320 991 3406 Spartanis
1027 3340 1098 3386 esse
1132 3326 1332 3405 reportatam,
1365 3322 1480 3406 ibique

349 3431 450 3495 decem
484 3431 584 3496 millio
613 3433 754 3498 hostium
789 3436 950 3518 cecidisse,
981 3436 1191 3500 lamentatum
1222 3455 1293 3500 esse
1322 3436 1362 3500 de
1392 3442 1481 3501 sorta

351 3543 510 3628 Graeciae,
544 3547 631 3628 quod
661 3546 773 3611 Graeci
804 3549 851 3610 illi
883 3551 939 3633 qui
970 3550 1003 3612 in
1029 3548 1113 3612 bello
1136 3569 1211 3612 cum
1235 3548 1365 3612 Graecis
1391 3569 1480 3613 mor-

349 3664 414 3723 tem
446 3661 685 3743 oppctivisscnt,
708 3681 818 3726 omnes
841 3662 992 3726 barbaros
1015 3664 1143 3726 vincera
1165 3665 1353 3746 potuissent.
1379 3662 1475 3739 Quod

348 3778 455 3837 autem
491 3774 525 3837 in
561 3793 598 3838 ea
632 3777 813 3840 narratione
846 3777 1049 3860 reprehendit
1082 3776 1247 3860 Hsgcnus,
1282 3779 1471 3862 scriptorem

348 3890 405 3949 aut
439 3887 546 3970 ipsum
582 3888 764 3972 credidisse,
798 3894 854 3952 aut
887 3889 1059 3954 lectoribus
1094 3890 1288 3974 persuadere
1322 3891 1477 3973 voluisse,

347 3998 454 4083 ipsum
479 4001 667 4084 Agesilaum
690 4002 738 4065 illi
761 4003 881 4086 proelio
903 4003 1097 4087 interfuisse,
1121 4004 1154 4067 id
1177 4023 1289 4067 verum
1314 4024 1379 4067 non
1404 4023 1478 4068 esse

346 4117 377 4175 et
406 4111 629 4179 Bechhausius
660 4120 691 4178 et
720 4114 872 4180 Sachsius
886 4112 908 4197 ¹)
938 4121 1022 4180 recte
1046 4116 1354 4180 demonstraverunt
1379 4116 1471 4181 Idam

353 4232 498 4241 *—

380 4273 407 4338 l)
427 4275 503 4325 Adolf
527 4274 628 4340 Sachse,
652 4275 734 4327 Ueber
764 4276 921 4341 Xenophons
946 4277 1087 4343 Agesilaus.
1114 4277 1253 4344 thtingen
1279 4277 1355 4330 1875.
1382 4279 1475 4330 Multis

348 4367 498 4417 nominibus
515 4367 659 4418 laudandus
678 4369 722 4418 hic
738 4373 777 4419 est
794 4368 904 4419 libellus.
