3352 5260
888 603 951 665 124

401 787 515 872 Neque
548 790 582 852 in
617 788 729 872 capitis
763 788 859 870 primi
888 787 953 852 fine
984 787 1139 868 (lt-20)
1171 787 1345 871 quidquam
1379 787 1480 869 video,

354 903 442 986 quod
464 901 760 986 reprehendendum
784 902 833 964 sit.
858 899 942 964 Nam
966 901 1053 984 quod
1076 899 1256 984 improbare
1279 903 1352 984 quis
1376 903 1479 985 possit

354 1019 438 1080 inter
470 1034 505 1080 se
540 1016 656 1099 opponi
690 1009 745 1077 ὅσκ
780 1011 824 1090 μὴ
859 1013 983 1093 φανερὸς
1014 1007 1047 1085 ἦν
1077 1009 1153 1084 ὅπως
1184 1011 1344 1090 ἐγίγνωσκε
1366 1019 1398 1078 11
1423 1011 1478 1077 loa

356 1126 466 1198 πάντες
496 1127 612 1208 ᾔδεσαν,
641 1129 784 1212 quisita
807 1127 945 1192 Socratis
970 1127 1009 1190 de
1032 1127 1094 1192 diis
1118 1129 1276 1193 sententia
1299 1126 1341 1200 κὴ
1366 1126 1481 1209 φανερά

355 1241 456 1306 fuisse
475 1241 611 1323 dicatur,
635 1261 733 1326 quam
756 1240 851 1304 modo
871 1258 936 1303 non
954 1240 1095 1324 ignotam
1115 1240 1216 1304 fuisse
1236 1241 1354 1306 dixerit
1372 1241 1481 1306 Xeno·

356 1356 452 1440 phou,
484 1356 530 1420 sic
562 1355 798 1420 defendendum
821 1372 892 1418 esse
915 1354 1037 1438 opinor,
1058 1358 1096 1418 ut
1119 1353 1265 1419 dicamus
1287 1353 1481 1419 vocabulum

358 1464 469 1539 πάντες
500 1467 622 1552 periodi
654 1467 820 1552 emphasin
843 1465 975 1531 habere:
1002 1467 1149 1550 sequitur
1172 1467 1257 1530 enim
1280 1469 1420 1531 narratio
1442 1469 1481 1532 de

359 1580 488 1646 Socrate
510 1582 645 1667 epistota
666 1582 699 1644 in
723 1580 842 1644 iudicio
866 1580 906 1644 de
929 1578 1065 1644 ducibus
1086 1577 1125 1642 ab
1143 1579 1317 1663 Arginusis
1335 1581 1480 1645 reversis.

359 1692 495 1769 Qualem
519 1713 554 1758 se
576 1693 631 1757 illo
653 1699 795 1778 tempore
818 1694 924 1757 virum
945 1693 1154 1777 praestitisset
1172 1691 1318 1756 Socrates
1337 1691 1483 1757 viderant

361 1825 489 1886 omnes;
514 1806 652 1871 Socratis
676 1807 835 1870 sententia
857 1805 897 1869 de
920 1805 990 1887 diis,
1014 1806 1162 1888 quamvis
1184 1805 1283 1889 vulgo
1303 1810 1482 1889 notaesset‚

358 1924 466 1983 tamen
488 1918 634 1982 iudicum
656 1917 829 1982 nonnullos
853 1916 950 1981 latere
972 1921 1102 2000 poterat.

405 2030 525 2117 Capitis
567 2031 701 2096 secundi
741 2033 875 2114 primam
907 2035 1030 2115 partem
1066 2031 1176 2114 (1-8)
1213 2051 1231 2094 a
1266 2030 1481 2115 Xenophonte

359 2145 457 2209 scribi
486 2147 630 2228 potuisse
660 2163 726 2208 non
756 2143 888 2229 negabo.
910 2143 1036 2208 Haereo
1059 2148 1165 2208 tamen
1189 2145 1223 2207 in
1247 2143 1352 2208 verbis
1376 2145 1406 2226 (ξ
1431 2146 1480 2228 4);

358 2257 391 2322 τὸ
426 2256 458 2320 δὲ
492 2255 547 2320 loa
581 2280 618 2334 γε
652 2254 742 2328 ἡδέως
778 2256 794 2328 ἡ
826 2255 914 2335 ψυχὴ
945 2253 1078 2334 δέχεται,
1102 2259 1202 2320 rubra
1226 2256 1328 2328 ἱκανῶς
1352 2259 1482 2323 ἐκπονεῖν

358 2368 522 2450 acerbata.
549 2369 632 2434 Satis
654 2371 740 2434 enim
765 2371 871 2454 inepte
893 2369 975 2433 illud
998 2371 1200 2433 enuntiatum
1222 2370 1348 2434 videtur
1366 2391 1423 2456 pro
1444 2391 1482 2436 eo

359 2483 446 2566 quod
477 2483 712 2566 elegantissime
743 2483 860 2546 dicitur
884 2485 918 2546 in
943 2481 1154 2547 Oeconomico
1178 2484 1214 2563 (o.
1238 2483 1297 2567 XI,
1322 2485 1393 2565 12);
1417 2483 1482 2548 ἐπεὶ

358 2593 416 2674 γὰρ
438 2593 536 2658 ἐσθίειν
559 2617 603 2666 τις
625 2593 666 2658 τὰ
689 2593 776 2659 ἱκανὰ
798 2592 871 2674 ἔχοι,
896 2595 1060 2658 ἕκπονοῦντν
1084 2594 1139 2672 μὲν
1162 2596 1245 2675 ὀρθῶς
1268 2597 1385 2672 μᾶλλον
1405 2595 1487 2661 δοκεῖ

358 2730 408 2784 μοι
437 2708 454 2780 ἡ
486 2705 580 2784 aylam
610 2705 796 2788 παραμένειν,
827 2707 991 2770 erroreum
1023 2704 1053 2770 δὲ
1078 2711 1195 2784 μᾶλλον
1219 2707 1235 2779 ἡ
1259 2707 1339 2788 ῥώμη
1366 2707 1482 2788 προςγί-

359 2820 489 2897 evertat.
513 2818 677 2901 (Deleatur
699 2820 853 2884 articulus
878 2817 1075 2900 1111θρ11111.)

404 2931 492 3010 Quae
516 2937 699 3017 sequuntur
722 2934 852 3016 11)-11)
876 2933 978 3017 magis
999 2933 1175 3016 displicent.
1195 2932 1276 2997 Nam
1298 2952 1403 3017 neque
1417 2954 1482 3018 quo

358 3047 452 3110 modo
487 3045 592 3111 verbis
624 3046 682 3123 ἐγὼ
712 3042 743 3109 δὲ
774 3039 854 3123 οἶμαι
883 3046 936 3109 art
965 3047 995 3128 (ᾗ
1029 3047 1070 3109 10
1094 3053 1126 3110 11
1150 3047 1202 3128 11)
1226 3047 1483 3112 adversariorum

359 3161 489 3241 crimen,
521 3159 608 3242 quod
631 3160 798 3242 praecedit,
821 3160 977 3224 refutetur
999 3161 1076 3223 eatis
1098 3162 1305 3244 perspicuum
1329 3166 1385 3242 est,
1409 3169 1440 3225 11
1464 3181 1483 3224 a

358 3272 498 3336 Socratis
523 3271 666 3336 moribus
692 3277 724 3336 et
742 3272 886 3336 doctriua
906 3273 1054 3336 abhorret
1072 3271 1105 3336 τὸ
1125 3270 1248 3352 νομίζειν
1267 3272 1367 3336 ἑαυτὸν
1387 3272 1483 3337 ἱκκνὸν

358 3378 429 3447 εἶνκι
452 3382 492 3446 τὰ
515 3382 705 3463 συμφέρονται
727 3381 872 3448 διδάσκειν
895 3383 961 3457 τοὺς
984 3384 1118 3456 πολίτας.
1142 3385 1384 3452 Absurdissima
1406 3407 1483 3453 vero

359 3497 378 3578 ξ
411 3498 430 3560 9
462 3503 539 3561 sunt
570 3495 666 3560 verba
696 3496 743 3559 ἐπ’
773 3494 857 3560 ἄλλα
887 3501 1019 3562 coruom.
1050 3498 1220 3563 Probabile
1244 3500 1371 3564 videtur
1393 3501 1484 3565 hunc

307 3673 309 3677 ,
358 3610 465 3674 locum
496 3610 536 3674 ab
565 3611 790 3694 interpolatore
820 3630 886 3674 non
917 3614 1074 3676 insertum
1104 3612 1161 3676 sed
1190 3615 1330 3696 graviter
1353 3633 1485 3698 corrup-

359 3729 431 3804 tum
453 3743 532 3789 1111.

405 3837 545 3900 12-16,
578 3835 705 3900 Crimen
728 3836 767 3900 de
791 3835 889 3900 Oritia
912 3841 943 3901 11
966 3837 1131 3902 Alcibiade
1155 3838 1294 3904 Socratis
1318 3841 1484 3925 discipulis

357 3949 492 4033 eiusque
521 3949 687 4013 refutatio:
720 3949 797 4013 haec
827 3969 901 4033 pars
933 3952 1011 4032 quin
1036 3951 1150 4016 iisdem
1174 3951 1291 4033 verbis,
1315 3973 1397 4036 quae
1420 3960 1484 4019 tra-

307 4129 309 4133 ,
358 4061 424 4124 dita
447 4067 532 4144 eunt,
556 4061 687 4145 abipso
711 4061 925 4146 Xenophonte
948 4065 1066 4147 scripta
1090 4065 1131 4128 sit
1153 4065 1286 4128 minime
1310 4065 1427 4130 dubito.

404 4173 492 4251 Quae
515 4176 555 4258 ἐξ
579 4176 619 4238 17
644 4180 676 4239 11
700 4177 741 4239 18
765 4177 916 4241 dicuntur
939 4178 1167 4243 obscurissima
1191 4182 1275 4260 sunt
1298 4179 1349 4242 vel
1374 4181 1482 4262 potius

360 4286 494 4353 confusa
515 4295 565 4354 est
586 4289 685 4354 huius
708 4289 770 4353 loci
793 4293 1033 4376 argumentatio.
1056 4292 1095 4356 Id
1117 4293 1235 4378 optime
1259 4291 1429 4377 apparebit,
1453 4296 1485 4359 si
