3330 5262
747 599 810 661 395

214 777 338 850 ὁπλίτας
361 777 413 842 καὶ
436 779 502 851 τοὺς
525 777 664 851 ἱππέας”.
689 780 761 845 Νοι]
782 782 1034 848 Atheniensibus
1054 786 1139 870 solis,
1161 793 1196 851 ut
1208 789 1330 872 opinor,

214 892 361 977 Spartani
388 893 542 973 στρατείαν
565 898 798 974 παραγγελοῦσι,
824 897 880 961 sed
903 899 1064 964 universis
1088 903 1191 966 sociis.
1215 901 1332 967 Delen-

216 1008 292 1071 dum
316 1002 391 1091 ergo
416 1007 486 1084 ὑμῖν
512 1009 645 1072 videtur.

258 1121 283 1203 I,
308 1121 358 1184 15.
380 1119 529 1205 Thebani,
553 1142 653 1206 quum
678 1107 795 1188 absunt
819 1125 859 1188 30
885 1126 986 1189 stadia
1006 1125 1045 1190 ab
1063 1128 1113 1209 iis,
1133 1130 1189 1212 qui
1209 1129 1331 1193 aditum

214 1236 248 1297 in
278 1234 534 1318 Peloponnesum
567 1237 745 1320 servabant,
776 1239 810 1300 in
837 1257 949 1322 campo
973 1246 1076 1304 castra
1098 1247 1237 1324 ponunt:
1264 1265 1330 1304 σον-

213 1345 426 1424 τεκμηράμενοι
449 1346 480 1410 δὲ
503 1347 574 1420 ἡνίκ’
597 1346 633 1411 ἂν
658 1350 742 1428 ᾤοντο
765 1347 933 1430 ὁρμηθέντες
957 1351 1118 1416 καθανύσαι
1142 1351 1212 1431 ἅμα
1235 1353 1332 1437 κνέφρο

214 1460 280 1538 πρὸς
305 1459 358 1532 τὴν
379 1464 435 1523 τῶν
458 1461 695 1540 Λακεδαιμονίων
716 1464 864 1543 φυλακήν,
881 1463 1052 1544 ἐπορεύοντο.
1072 1466 1185 1532 Deleta
1196 1468 1331 1552 virgula,

215 1593 296 1658 quac
329 1580 401 1658 post
434 1573 611 1657 narrandam
629 1576 800 1661 legebatur,
832 1598 934 1662 eaque
962 1586 1034 1662 post
1057 1578 1196 1659 φυλακήν
1218 1584 1330 1665 posita,

215 1690 339 1772 egregie
374 1688 480 1752 locum
513 1691 698 1755 emendasse
729 1692 856 1756 videtur
887 1691 1034 1758 Cobetus.
1059 1693 1121 1758 Sed
1143 1695 1203 1758 hoc
1227 1715 1329 1760 unum

216 1802 400 1886 scrupulum
425 1805 536 1886 inficit,
560 1806 646 1888 quod
667 1806 701 1868 in
725 1806 892 1870 intervallo
915 1797 1047 1890 triginta
1070 1809 1245 1873 stadiorum
1266 1829 1330 1874 non

216 1914 314 1979 multa
339 1935 419 2000 opus
444 1935 513 1981 esse
535 1919 662 1982 videtur
687 1921 931 2002 computatione.

257 2028 282 2110 I,
315 2031 365 2092 21.
395 2029 535 2094 Thebani
566 2033 708 2116 sociique
731 2053 844 2116 agrum
867 2035 950 2096 circa
974 2032 1162 2098 Corinthum
1186 2040 1329 2117 vastant3

212 2144 247 2205 in
272 2162 325 2207 cos
349 2143 594 2208 Atheniensium
616 2151 647 2208 et
668 2143 903 2210 Corinthiorum
925 2147 1048 2230 equites
1060 2148 1215 2230 impetum
1227 2147 1330 2213 faeere

213 2275 278 2319 non
313 2257 441 2339 audent,
476 2263 506 2320 at
540 2259 673 2340 equites,
703 2279 783 2342 quos
814 2258 992 2340 Dionysius
1024 2265 1134 2324 contra
1163 2260 1330 2326 Thebanos

213 2369 335 2433 auxilio
370 2371 508 2452 miserat,
542 2363 615 2433 οὗτοι
646 2369 877 2447 διεσκεδασμένοι
909 2369 1000 2444 ἄλλος
1030 2369 1109 2452 ἄλλα
1139 2371 1329 2451 παραθέοντες

213 2480 357 2561 ἠκόντιζόν
383 2505 416 2545 τε
439 2481 688 2561 προσελαύνοντες,
712 2482 763 2548 καὶ
787 2482 851 2548 ἐπεὶ
876 2481 975 2565 ὥρμων
998 2484 1046 2547 ἐπ’
1071 2484 1186 2558 αύτούς,
1211 2484 1327 2566 ἀνεχού-

211 2618 282 2676 ροον,
307 2593 358 2658 καὶ
382 2593 472 2658 πούλιν
496 2593 729 2676 ἀναστρέφοντες
754 2594 907 2676 ἦκύντιζον.
932 2597 1075 2662 Verbum
1096 2598 1328 2678 διεσκεδασμένοι

213 2711 348 2793 speciem
371 2710 501 2794 praebet
523 2713 746 2793 annotationis,
770 2712 809 2775 ad
834 2713 1061 2795 explicandum
1083 2709 1174 2784 ύκαος
1193 2709 1272 2792 drag
1294 2716 1328 2776 in
1370 2752 1372 2758 ·

214 2825 355 2908 margine
389 2825 573 2908 adscriptae.
605 2824 667 2888 Sed
698 2825 837 2888 dubitari
861 2845 926 2888 non
948 2831 1060 2909 potest,
1085 2827 1164 2909 quin
1187 2847 1244 2910 pro
1267 2826 1329 2890 ἐπεὶ

213 2934 312 3017 ύρμον
346 2937 517 3022 legendum
549 2939 591 3001 sit
620 2935 684 3001 ἐπεὶ
714 2936 837 3018 ὁρμῷενε
863 2940 1119 3023 quotiescunque
1142 2940 1270 3021 (hostes)
1294 2942 1328 3003 in

213 3070 267 3115 eos
291 3053 447 3135 impetum
471 3051 635 3116 faciebant.
658 3051 732 3115 Non
752 3054 837 3116 enim
858 3053 955 3116 semel
975 3055 1029 3117 sed
1050 3055 1177 3137 saepius
1188 3053 1328 3118 Thebani

213 3183 266 3228 cos
290 3185 307 3228 a
332 3183 365 3228 se
388 3163 541 3248 repellere
564 3170 640 3228 sunt
663 3167 775 3228 conati.

255 3277 301 3340 Ib.
332 3275 384 3340 aab
415 3281 514 3340 ταῦτα
536 3273 605 3353 ύμα
629 3281 775 3348 ποιοῦντες
798 3275 972 3354 κατέβαινον
996 3275 1056 3341 ἀπὸ
1079 3280 1134 3340 τῶν
1156 3275 1251 3341 ἵππον
1275 3276 1328 3342 καὶ

212 3389 399 3455 ἀνεπαύοντο.
431 3391 633 3456 Incredibilis
660 3411 734 3476 ergo
764 3392 893 3456 illorum
913 3393 1056 3476 equitum
1083 3392 1145 3456 fuit
1168 3392 1328 3476 velocitas,

213 3509 268 3591 qui
289 3507 373 3570 inter
395 3505 599 3570 tambucam
623 3505 662 3569 de
682 3507 774 3589 equis
795 3507 1031 3571 descenderent.
1051 3505 1124 3570 Non
1144 3508 1229 3570 enim
1242 3507 1326 3571 ταῦθ’

211 3616 279 3696 ἅμα
313 3623 457 3690 ποιοῦντες
492 3620 582 3684 aliter
614 3620 715 3704 accipi
748 3626 852 3704 potest
886 3640 983 3705 quam
1016 3621 1070 3702 sio,
1103 3625 1139 3683 ut
1168 3621 1209 3684 ad
1233 3620 1329 3684 verba

210 3731 363 3812 ἠκόντιζον,
387 3731 629 3814 ἀναστρέφοντες,
653 3731 893 3813 προσελαύνοντες
912 3735 1067 3817 respiciat.
1088 3731 1218 3797 Rectius
1238 3732 1329 3816 foret,

212 3854 249 3913 ut
272 3849 400 3932 opinor:
426 3845 477 3910 aori
501 3852 602 3910 ταῦτα
621 3849 765 3918 ποιοῦντες
785 3846 869 3924 ύαμα
888 3845 1062 3924 κατέβαινον
1074 3844 1134 3909 ἀπὸ
1146 3849 1201 3908 τῶν
1213 3843 1326 3910 ἵππανε
1420 3852 1423 3859 “

212 3982 314 4046 quum
344 3980 380 4025 co
411 3961 505 4024 modo
536 3967 723 4044 pugnarent,
747 3959 929 4024 facultatem
955 3959 1114 4023 habebant
1137 3961 1264 4043 saepius
1289 3960 1327 4024 de

211 4078 302 4160 equis
327 4074 547 4139 descendendi.
571 4075 624 4136 An
648 4074 707 4137 hoc
732 4075 931 4138 coniecturae
954 4078 1081 4136 nostrae
1105 4072 1230 4137 obstare
1254 4093 1328 4137 cen-

211 4209 347 4272 seamus,
371 4189 458 4273 quod
481 4184 565 4264 ύαμύ
588 4189 786 4252 rarissimum
811 4189 852 4251 sit
874 4187 958 4270 apud
982 4185 1255 4270 Xenophontem?

253 4302 278 4386 I,
314 4305 364 4365 24.
397 4300 592 4384 Lycomedes
624 4299 854 4365 Mantineensis
884 4301 1009 4363 animos
1039 4299 1201 4363 Arcadum
1232 4305 1327 4384 auget
