3354 5268
788 597 805 656 7

232 778 304 842 silio
339 779 494 861 capienda
525 778 708 860 incitando),
743 777 883 862 profecto
915 798 980 842 non
1009 778 1241 842 adolescentiae
1264 799 1355 844 meae

231 897 401 975 praetextu
418 897 504 974 utar,
528 893 584 956 sed
607 895 788 975 meipsum
812 894 889 958 satis
914 893 1060 957 adultum
1084 909 1154 956 esse
1178 892 1293 956 ducam
1317 899 1355 956 ut

232 1024 270 1068 ea
300 1024 319 1066 a
349 1023 400 1067 me
423 1003 566 1086 pericula
588 1003 755 1067 defendam
779 1009 873 1087 (quae
898 1005 976 1068 mibi
998 1006 1110 1068 iuveni
1133 1005 1223 1068 nulla
1245 1010 1354 1068 aucto-

230 1117 322 1179 ritate
353 1117 494 1198 praedito
519 1135 560 1180 ex
582 1135 620 1182 ea
642 1135 676 1180 re
699 1119 823 1199 possint
843 1117 972 1197 nasci)’'.
997 1117 1144 1180 Pericula
1169 1123 1276 1181 autem
1299 1117 1354 1180 illa

230 1227 394 1292 Nicolaius
416 1229 574 1312 intelligit,
599 1247 680 1311 quae
703 1230 867 1292 minantur
890 1229 928 1292 ab
952 1231 993 1292 iis
1013 1228 1090 1310 Cyri
1111 1231 1215 1311 sociis
1235 1231 1300 1313 qui,
1318 1235 1354 1294 ut

229 1340 438 1423 Apollonides
472 1345 503 1404 et
534 1339 722 1421 Nicarohus,
753 1340 849 1424 Regis
873 1359 988 1404 causae
1010 1341 1168 1406 favebant.
1191 1341 1355 1406 Lubenter

231 1453 369 1516 concedo
392 1453 475 1516 hano
499 1471 569 1517 esse
593 1455 744 1518 orationis
767 1456 967 1533 sententiam,
991 1454 1151 1517 sedidem
1165 1473 1246 1538 nego
1260 1455 1355 1538 quid-

231 1585 328 1649 quam
360 1567 523 1647 interesse,
558 1567 667 1632 utrum
702 1566 799 1629 verba
833 1565 965 1642 ἡγεῖσθαι
997 1571 1028 1629 et
1052 1563 1198 1644 ἀκμάζειν
1222 1566 1260 1629 de
1281 1567 1352 1650 ipso

229 1680 361 1761 imperio
385 1680 589 1762 accipiamus,
608 1699 649 1741 an
673 1679 713 1742 de
731 1681 772 1742 iis
793 1678 899 1759 rebuS,
919 1698 1000 1762 quas
1020 1680 1167 1742 versione
1186 1677 1353 1742 suaNico·

229 1792 310 1856 laius
343 1791 473 1855 indicat.
507 1791 590 1854 Nam
621 1796 652 1855 et
682 1793 709 1855 si
740 1794 824 1854 recte
855 1789 1021 1855 Nicolaius
1045 1792 1271 1874 interpretatus
1295 1798 1353 1872 est,

230 1909 337 1968 tamen
367 1903 427 1967 hoe
458 1911 587 1987 apparet
619 1903 833 1986 metaphoram
856 1903 897 1966 iis
922 1902 1027 1966 verbis
1049 1904 1165 1984 inesse,
1188 1909 1220 1966 et
1241 1902 1351 1966 Xeno-

229 2017 382 2099 phontem
411 2017 452 2080 iis
481 2017 531 2079 uti
557 2015 746 2079 alludentem
767 2015 807 2077 ad
831 2034 996 2078 summum
1018 2016 1189 2099 imperium
1213 2021 1244 2078 et
1267 2021 1351 2079 aeta-

228 2134 292 2192 tem
324 2129 400 2192 buio
422 2128 708 2193 accommodatam:
732 2129 766 2190 in
789 2129 971 2192 contionem
994 2128 1132 2192 militum
1156 2129 1290 2212 prodire,
1315 2138 1351 2193 ut

228 2241 385 2304 militibus
420 2242 564 2303 animum
599 2240 705 2322 addas,
734 2242 935 2323 imperatoris
966 2246 1023 2323 est,
1054 2241 1094 2305 ad
1125 2261 1259 2324 eamque
1281 2262 1349 2306 renr

228 2373 295 2416 non
316 2355 425 2417 minus
452 2373 549 2437 quam
573 2353 613 2416 ad
635 2354 806 2436 imperium
828 2355 935 2436 ipsum
962 2354 1170 2418 obtinendum
1196 2358 1351 2419 maturior

229 2473 315 2532 aetas
342 2468 531 2550 requiritur3
554 2467 598 2530 ita
622 2472 659 2530 ut
682 2467 814 2551 probata
835 2466 974 2530 Nicolaii
996 2469 1153 2550 versione,
1177 2469 1233 2532 sed
1256 2488 1350 2532 accu-

228 2582 329 2644 ratius
343 2580 529 2661 verborum,
550 2580 589 2643 de
609 2579 728 2663 quibus
748 2583 884 2664 agimus,
902 2582 937 2642 vi
956 2580 1130 2662 observata,
1149 2581 1225 2644 haec
1237 2582 1350 2645 evadat

228 2695 400 2778 sententia:
428 2693 498 2774 „Si
521 2712 579 2758 vos
601 2692 747 2776 Lochagi,
772 2694 937 2757 volueritis
962 2713 1012 2757 me
1036 2692 1181 2758 Ducibus
1205 2699 1236 2758 et
1259 2713 1349 2759 exer-

227 2807 306 2868 citui
328 2807 441 2870 salutis
465 2807 549 2870 viam
572 2813 757 2888 monstrare,
781 2825 900 2890 eosque
921 2806 1004 2869 bona
1017 2807 1349 2890 speimplere,.quam-

228 2938 325 3000 quam
348 2919 408 2981 hoc
430 2920 669 3001 imperatorium
694 2938 813 2981 munus
838 2924 886 2982 est
906 2923 938 2981 et
956 2937 1015 3002 ego
1036 2917 1161 2982 nullum
1173 2919 1345 3001 imperium

227 3037 328 3110 teneo,
350 3035 457 3094 tamen
480 3050 545 3093 non
568 3030 738 3094 recusabo:
763 3049 868 3112 neque
888 3036 1022 3094 aetatem
1041 3030 1201 3094 excusabo
1213 3031 1348 3113 imperio

225 3142 369 3206 nondum
399 3148 573 3222 maturam;
598 3163 671 3205 nam
698 3144 774 3206 satis
799 3150 960 3207 maturum
983 3162 1035 3206 me
1058 3162 1127 3207 esse
1152 3145 1263 3226 sentio,
1288 3145 1346 3228 qui

227 3255 287 3317 boc
317 3251 520 3339 Imperatoris
551 3275 669 3319 munus
696 3257 881 3336 sustineam,
905 3260 935 3318 et
960 3275 1043 3339 quae
1065 3256 1140 3319 inde
1164 3257 1252 3320 nasci
1275 3276 1347 3339 pos-

228 3369 292 3430 sint
314 3369 456 3450 perioula
477 3389 495 3431 a
518 3387 568 3431 me
590 3367 802 3450 propulsem’'.
826 3369 935 3451 Atque
955 3369 1033 3432 haec
1052 3369 1184 3452 quidem
1195 3370 1345 3432 iuvenem

228 3480 340 3544 decent
362 3500 398 3545 ea
421 3487 529 3563 aetate,
553 3482 606 3544 cui
629 3486 684 3544 aut
706 3501 876 3565 nunquam
900 3488 957 3544 aut
978 3481 1044 3546 fere
1069 3502 1236 3565 nunquam
1262 3482 1346 3546 defe-

226 3600 316 3657 ratur
336 3595 515 3677 imperium.

272 3705 356 3782 Quid
386 3726 460 3790 ergo
487 3706 665 3772 Oroisetum
688 3709 844 3791 permovit
866 3713 903 3771 ut
926 3706 1140 3773 Cobetianum
1164 3726 1346 3789 numerum,

227 3821 266 3884 de
302 3840 366 3903 quo
396 3821 518 3903 aliquid
548 3825 614 3884 erat
646 3820 886 3902 detrabendum,
909 3822 1003 3884 etiam
1029 3820 1183 3902 augeret?
1208 3818 1346 3902 Seuthis

225 3932 374 3996 Thraciae
397 3934 481 4016 regis
505 3952 599 3996 eitra:
624 3933 752 3996 nolebat
775 3935 861 3996 enim
886 3933 972 3996 hunc
996 3939 1061 3996 tam
1080 3931 1254 3996 ridiculum
1267 3951 1347 4010 esse,

227 4051 262 4110 ut
285 4045 494 4110 adolescentis
517 4047 631 4128 viginti
654 4047 798 4129 quinque
821 4065 978 4109 annorum
1001 4043 1099 4108 filiam
1124 4064 1259 4109 uxorem
1284 4045 1345 4108 sibi

225 4163 353 4241 peteret.
389 4157 472 4225 Nam
507 4176 571 4222 non
608 4159 696 4223 solus
731 4157 893 4222 Oroisetus
928 4159 962 4220 in
997 4175 1034 4221 eo
1065 4162 1156 4239 errat,
1188 4157 1274 4241 quod
1306 4157 1345 4221 de

227 4270 367 4362 nubili
388 4270 454 4336 filia
477 4270 629 4342 Seuthem
652 4272 743 4355 loqui
766 4272 937 4352 contendit,
961 4270 1016 4334 sed
1039 4274 1070 4334 et
1092 4269 1147 4332 alii
1169 4288 1242 4333 eum
1261 4288 1345 4334 erro-
