3348 5262
774 621 837 684 207

240 825 307 869 non
329 807 445 890 possit:
469 802 503 877 ἢν
526 801 612 884 δ’ἀροι
634 804 670 868 δι’
695 802 801 885 ἀρνίον
825 809 882 869 τῶν
905 803 1033 884 ἑχόντων
1058 805 1151 878 ciriae
1175 804 1218 884 μη
1239 804 1296 886 ἔχη
1310 805 1364 878 νην

242 917 349 992 {eoric
380 916 503 995 δύναμιν
533 917 723 982 ἐπιδεικνύναι
753 919 814 982 κπὲ.
847 919 949 984 Multo
974 921 1152 1004 elegantius
1176 925 1259 984 esset
1282 920 1365 984 mul-

243 1037 341 1116 toque
371 1034 473 1125 magis
505 1038 626 1097 ceterae
654 1033 863 1116 disputationi
887 1029 1081 1114 conveniret,
1104 1034 1132 1096 si
1154 1052 1213 1116 pro
1235 1052 1365 1097 accusa-

243 1146 310 1208 tivo
332 1142 425 1216 ιιιίπην
448 1144 608 1228 legeretur
630 1147 849 1209 nominativus
873 1144 960 1218 οὔπη,
985 1150 1081 1229 atque
1100 1148 1145 1209 ita
1165 1147 1245 1229 quin
1255 1144 1366 1210 Xeno-

243 1259 330 1341 phon
353 1259 516 1342 scripserit
540 1259 670 1322 minime
694 1258 815 1323 dubito.

288 1371 379 1452 XVI,
415 1374 442 1435 9.
481 1371 577 1452 ,Hoc
608 1391 659 1437 me
688 1375 827 1456 primurn
857 1373 973 1437 doceas
1004 1373 1120 1438 velim”
1153 1374 1297 1438 Socrates
1322 1375 1367 1437 ait

245 1483 348 1568 „irae
382 1484 418 1550 ἀν
451 1486 519 1563 ἐγώ,
551 1486 574 1549 εί
604 1484 774 1563 βουλοίμην,
805 1493 862 1564 γῆν
885 1485 1078 1566 ἐργαζόμενος
1101 1486 1245 1558 πλείστοις
1268 1485 1364 1567 κριίάς

241 1597 292 1664 κιιί
323 1600 478 1671 πλείστους
510 1598 614 1678 πυροὺς
638 1598 861 1676 λοιμβοίνοιμι.”
884 1600 996 1682 Nemo,
1019 1606 1056 1665 ut
1079 1603 1199 1685 opinor,
1222 1621 1366 1685 unquam

242 1734 354 1797 agrum
379 1714 488 1795 coluit,
512 1715 591 1796 quin
616 1732 656 1776 ex
682 1732 718 1777 eo
743 1733 839 1796 quam
860 1714 1036 1797 plurimum
1055 1714 1186 1797 frugum
1206 1715 1367 1797 percipere

240 1828 344 1892 vellet.
366 1826 514 1891 Ridicule
537 1845 612 1910 ergo
636 1826 688 1890 hio
707 1828 849 1910 positum
869 1827 998 1891 videtur
1016 1827 1039 1889 εί
1059 1826 1227 1904 βουλοίμην.
1242 1828 1367 1892 Verum

243 1941 368 2024 virgula
385 1942 578 2024 transposita
596 1940 683 2024 lege:
708 1945 765 2015 γῆν
784 1937 977 2019 {reiderictz
1000 1946 1110 2004 sanata
1131 1943 1190 2006 erit
1203 1943 1369 2024 sententia,

245 2055 436 2137 egregieque
471 2055 615 2138 opposita
645 2054 701 2136 illi,
734 2073 817 2137 qnae
847 2056 880 2117 in
911 2056 1094 2138 parenthesi
1124 2055 1256 2139 legitur:
1282 2061 1367 2134 φιλο-

245 2167 337 2248 σίφου
360 2166 417 2247 νάρ
440 2165 578 2244 μάλισποί
601 2167 679 2231 ε’σπιν
703 2165 812 2246 ἀνδρός.

290 2280 394 2365 Caput
425 2281 533 2363 XVII,
570 2283 598 2344 2.
637 2279 780 2362 ,,ε’πειδάν
811 2280 868 2360 ράρ
900 2281 913 2345 i
944 2281 1134 2361 μεσοπυρινῖις
1156 2281 1256 2362 χρόνος
1279 2280 1369 2362 ἔλίη”

247 2400 355 2458 narrat
386 2394 615 2458 Ischomachus
654 2391 791 2474 7,ποίνπες
825 2416 881 2457 που
916 2394 939 2458 οί
971 2392 1108 2474 ἀνίροιποι
1139 2396 1209 2474 πρὸς
1239 2396 1287 2460 τὸν
1312 2396 1370 2459 θεὸν

248 2505 478 2585 ἀποβλέπουσιν,
513 2505 600 2571 ὃπίπε
634 2503 742 2599 βρὲξοις
772 2507 825 2580 riv
857 2513 914 2585 γῆν
944 2505 1055 2588 ἀφήσει
1087 2507 1193 2578 οιύποίις
1217 2507 1370 2587 σπείρειν.”

248 2621 425 2705 Agricolae,
451 2623 508 2705 qui
527 2641 585 2705 per
604 2621 802 2685 obsidionem
822 2623 857 2684 in
878 2621 958 2685 urbe
978 2641 1106 2685 manere
1119 2622 1371 2706 coactifuerunt,

250 2734 306 2798 nbi
329 2736 435 2800 hostes
458 2735 607 2799 abierunt
629 2741 661 2798 et
683 2735 761 2799 urbs
780 2735 914 2798 liberata
932 2740 989 2818 est,
1010 2736 1072 2799 dici
1084 2741 1219 2819 possunt
1232 2734 1372 2815 ἀφίεσθαι

249 2847 379 2928 σπείρειν.
411 2847 476 2912 Hic
506 2849 585 2912 deus
617 2848 771 2912 dicendus
801 2853 850 2912 est
879 2848 1023 2930 agricolis
1041 2849 1216 2928 permittere
1238 2849 1368 2930 σπείρειν.

249 2961 433 3045 Legendum
459 2982 533 3046 ergo
558 2963 671 3046 opinor
693 2960 796 3040 ἐφήσει
819 2962 922 3032 αὐτοῖς
945 2961 1076 3041 σπείρειν.

294 3076 356 3141 His
387 3078 504 3141 auditis
536 3076 681 3141 Socrates
705 3076 868 3141 observat:
891 3075 1036 3153 ε’ρνώκιισι
1061 3073 1092 3139 δέ
1116 3099 1171 3152 γε.
1186 3123 1193 3138 .
1208 3123 1238 3138 ..
1264 3074 1316 3139 κοί
1341 3076 1374 3140 τὸ

251 3190 294 3267 μη
317 3191 346 3254 ἕν
369 3186 441 3271 ξηρᾷ
464 3189 584 3270 σπείρειν
606 3187 718 3261 ἑκόντες
741 3182 811 3252 είνοιι
834 3187 945 3260 πάνπες
968 3186 1115 3268 ἄνθρωποι,
1138 3188 1223 3261 δῆλον
1244 3185 1287 3251 iri
1299 3203 1371 3252 πολ·

252 3310 319 3377 λοῖς
354 3302 475 3384 ζημίαις
506 3303 565 3366 ari.
598 3303 673 3367 Non
706 3323 825 3367 novum
850 3303 971 3387 aliquid
995 3303 1085 3366 affert
1109 3305 1263 3384 Socrates,
1289 3303 1376 3386 quod

252 3419 459 3483 Ischomaoho
493 3423 630 3498 opponat
664 3421 712 3500 (ea
743 3423 849 3480 tamen
878 3419 928 3482 ris
960 3421 1008 3480 est
1031 3417 1262 3500 particularum
1286 3413 1317 3478 δέ
1339 3438 1376 3492 γε

253 3536 285 3596 et
314 3530 385 3615 eat),
415 3531 472 3596 sed
502 3530 681 3616 significare
710 3531 791 3612 vult,
814 3549 848 3593 se
871 3529 1047 3612 intelligere,
1070 3549 1165 3610 quem
1188 3529 1224 3593 ob
1248 3549 1377 3592 eausam

252 3646 298 3708 ita
317 3652 415 3729 agant
436 3646 557 3727 rustici,
580 3649 616 3708 ut
637 3643 718 3707 dixit
737 3642 973 3706 Ischomachus.
986 3641 1172 3726 Legendum
1185 3661 1276 3725 ergo:
1289 3640 1377 3718 ἐννοί-

254 3782 323 3823 κσισι
342 3756 400 3838 ράρ
424 3764 455 3824 et
478 3758 648 3824 delendum
671 3753 723 3819 κοιί
750 3756 791 3819 πὸ.

299 3873 406 3956 XVII,
437 3875 464 3937 3.
500 3871 574 3954 ,De
604 3873 663 3935 hac
694 3890 769 3954 ergo
793 3890 827 3936 re
850 3871 1057 3934 consentiunt
1079 3868 1246 3933 homines”
1270 3869 1378 3933 Ischo·

255 3989 388 4052 machus
411 3988 495 4051 dicit.
519 3985 702 4069 Respondet
728 3983 890 4048 Socrates:
914 3980 936 4047 ἀ
958 3981 1015 4062 yar
1040 3981 1053 4045 i
1074 3982 1133 4054 θεὸς
1154 3978 1292 4053 διδάσκει,
1306 3977 1378 4045 οὕτω

254 4099 387 4177 νίννεποιι
410 4099 546 4176 ὁμονοεῖν.
573 4098 728 4182 Corrupto
751 4116 821 4163 esse
844 4099 946 4162 sentio
968 4092 1042 4158 οὕτω
1066 4093 1212 4171 γίγνετοιι,
1239 4094 1316 4178 quid
1338 4095 1380 4158 sit

255 4214 426 4298 legendum
450 4215 567 4278 nescio.
590 4212 778 4296 Requiritur
798 4210 879 4274 fere:
906 4206 1035 4286 ἀνάγκη,
1060 4209 1111 4272 vel
1133 4205 1207 4271 aira
1229 4203 1377 4286 χαλεπόν,

257 4327 307 4394 vel
329 4325 404 4392 οὔτοι
427 4323 608 4405 ίοινμοιστίν.
