3330 5262
847 586 909 649 390

310 772 418 856 liquet.
442 771 504 836 Sed
527 770 694 834 videamus
717 771 900 853 sequentia:
929 765 993 831 ε’τεὶ
1017 767 1116 845 μέντοι
1139 769 1179 840 εἰς
1204 766 1312 847 μάχνν
1337 765 1435 850 ώρμν-

310 907 376 957 ταν,
395 885 444 949 τὸν
462 884 517 962 μὲν
537 879 673 963 Πρόξενον
692 880 744 946 καὶ
764 879 872 954 άλλονς
891 881 1005 959 ὀλίγους
1026 883 1094 959 μετ’
1116 883 1207 946 αὐτοῦ
1223 880 1434 956 ἀποκτείνουσι,

309 997 376 1068 τοὺς
406 995 432 1061 δ’
467 993 577 1068 άλλονς
605 995 780 1076 τρεψάμενοι
812 995 862 1059 οὐκ
887 992 1009 1059 ἐδίωκον.
1035 994 1120 1072 Quid
1145 1001 1253 1059 autem
1276 996 1436 1080 particula

314 1109 553 1192 „adversativa”
573 1106 670 1186 μέντοι
690 1128 772 1193 opus
791 1114 847 1192 est,
867 1109 907 1172 ad
926 1128 963 1173 ea
982 1107 1202 1192 superioribus
1219 1108 1434 1192 adiungenda,

311 1225 475 1308 quasillis
494 1243 559 1287 non
580 1231 655 1287 sunt
675 1223 827 1306 opposita,
848 1223 904 1287 sed
922 1223 1039 1287 exiliis
1052 1219 1435 1306 sequunturiliiicienda

310 1343 358 1402 est
381 1357 455 1422 ergo
477 1336 634 1422 particula
656 1335 718 1409 οὐκ,
743 1355 825 1419 quae
844 1356 932 1400 nunc
952 1341 1024 1400 ante
1043 1334 1184 1406 ἐλάττους
1196 1336 1322 1420 legitur.
1334 1333 1432 1400 Recte

310 1454 397 1516 enim
427 1453 511 1516 inter
541 1469 575 1515 sa
599 1455 821 1534 opponuntur:
846 1450 956 1528 άριάμῷ
979 1448 1050 1526 μὲν
1073 1445 1214 1519 ἐλάττους
1237 1447 1376 1526 ἐγένοντο,
1400 1455 1433 1515 et

309 1561 373 1627 ἐπεὶ
397 1561 530 1641 μέντοι
553 1563 592 1636 εἰς
615 1560 724 1641 μάχην
748 1559 886 1642 ώρμνοαν
908 1560 1068 1642 ἐτρέψαντο
1087 1561 1153 1634 τοὺς
1170 1560 1322 1635 ἐναντίους,
1344 1563 1431 1646 quod

310 1677 376 1742 fere
409 1678 493 1742 idem
526 1683 574 1742 est
603 1697 640 1742 ac
672 1679 699 1741 si
724 1679 860 1762 scriptor
881 1678 1016 1741 diceret:
1041 1696 1175 1743 numere
1200 1677 1330 1761 quidem
1351 1677 1431 1742 infe-

309 1792 417 1873 riores,
442 1791 498 1856 sed
521 1792 640 1856 virtute
664 1792 844 1875 superiores
868 1796 965 1856 erant.

354 1903 393 1986 V,
426 1905 453 1967 9.
485 1903 594 1968 Vincit
626 1923 700 1988 erge
732 1907 766 1968 in
796 1905 915 1989 proelio
941 1903 1079 1989 Stasippi
1101 1903 1213 1968 factio:
1240 1905 1295 1969 sed
1319 1905 1431 1970 adver-

311 2019 403 2082 sariis
427 2016 548 2081 auxilio
572 2019 705 2081 veniunt
728 2017 973 2082 Mantineenses.
998 2016 1122 2093 Quare
1142 2019 1270 2102 cognita
1290 2017 1431 2104 Stasippi

311 2133 405 2196 amici
434 2131 625 2214 confugiunt
654 2133 689 2194 in
716 2130 839 2195 Dianae
862 2130 1026 2216 templum,
1051 2149 1150 2214 seque
1171 2131 1216 2194 ibi
1240 2132 1428 2197 includunt:

309 2243 333 2307 el
355 2244 385 2307 δὲ
405 2240 642 2321 μεταδιώξαντες
661 2241 757 2324 ἐχθροὶ
776 2245 873 2308 αὐτῶν
892 2242 1061 2320 άναβάντες
1080 2242 1129 2307 ε’τὶ
1149 2243 1198 2308 τὸν
1218 2245 1284 2307 νεών
1303 2243 1355 2308 καὶ
1376 2244 1430 2317 τάν

309 2355 412 2437 άροφδν
432 2353 572 2429 διελόντες
592 2353 690 2421 ἔπαιον
710 2362 774 2429 ταῖς
794 2355 954 2436 κεραμίσιν.
966 2357 1168 2422 Vocabulum
1182 2353 1429 2434 μεταδιώξαντες,

309 2472 395 2554 qued
426 2475 481 2535 aut
511 2491 659 2556 perverso
691 2472 760 2535 loco
791 2473 930 2555 pesitum
963 2476 1011 2535 est
1040 2473 1215 2555 (exspectes
1246 2473 1332 2536 enim
1355 2472 1379 2535 ri
1400 2472 1428 2536 δ’

307 2581 404 2663 ἐχθροὶ
433 2585 531 2648 αὐτῶν
563 2581 799 2662 μεταδιώξαντες
829 2581 882 2648 καὶ
912 2582 1101 2667 άναβάντες),
1124 2591 1180 2648 aut
1203 2585 1429 2650 soloecismum

308 2717 417 2763 secum
447 2699 543 2762 trahit
567 2699 714 2779 (sienim
738 2698 913 2782 significat:
937 2699 1141 2763 inimicorum
1163 2699 1219 2781 illi,
1243 2701 1300 2782 qui
1322 2719 1429 2784 perse-

308 2814 374 2876 cuti
409 2819 508 2895 erant,
543 2813 712 2877 dicendum
744 2819 811 2877 erat
840 2811 863 2875 οἱ
893 2810 924 2875 δὲ
955 2809 1190 2888 μεταδιώξαντες
1222 2816 1278 2874 τῶν
1308 2813 1427 2895 ἐχθράν)

308 2929 500 2993 eliciendum
525 2927 658 2993 videtur.

351 3042 482 3106 Exeunt
504 3061 578 3126 erge
602 3061 619 3106 e
642 3042 759 3126 templo
783 3041 921 3125 Stasippi
944 3042 1047 3122 amici,
1071 3060 1152 3124 ques
1177 3043 1351 3106 adversarii
1373 3041 1424 3114 δά-

307 3177 413 3226 σαντες
436 3152 488 3219 καὶ
509 3153 714 3232 άναβαλώντες
734 3153 781 3218 ἐπὶ
801 3153 853 3226 τὴν
873 3150 1232 3234 άρμάμαξανάττώγανον
1244 3154 1284 3226 εἷς
1296 3153 1423 3232 Τεγέαν.

306 3269 420 3333 Risum
455 3275 562 3333 movet
595 3264 767 3348 άρμάμαξα
797 3268 860 3350 illa,
891 3270 925 3331 in
948 3289 1045 3352 quam
1070 3270 1170 3332 vincti
1193 3271 1310 3354 captivi
1332 3270 1426 3334 conii-

305 3382 443 3464 ciuntur,
473 3401 532 3446 nec
564 3383 672 3445 minus
702 3382 859 3446 ridiculus
890 3387 938 3446 est
968 3382 1124 3446 articulus
1155 3383 1185 3446 ei
1216 3382 1360 3448 additus:
1383 3404 1423 3447 an

306 3514 380 3580 ergo
415 3495 455 3558 ad
486 3515 555 3559 eam
586 3514 653 3559 ram
684 3494 837 3578 Tegeatae
856 3493 980 3574 publico
1003 3494 1141 3578 quodam
1166 3500 1313 3574 οονμοιοοο
1336 3496 1423 3560 molli

306 3613 337 3672 et
367 3609 503 3692 eleganti
535 3607 731 3672 utebantur?
766 3605 865 3672 Credo
898 3608 931 3670 in
960 3607 1139 3686 plaustrum
1171 3609 1331 3674 coniectos
1355 3629 1423 3675 esse

307 3723 438 3786 miseros
462 3723 622 3785 homines:
647 3721 698 3798 ἐφ’
721 3716 856 3798 ἅμαξαν.

351 3835 389 3916 V,
422 3836 473 3900 12.
501 3835 671 3919 Agesilaus
701 3836 736 3897 in
758 3834 899 3897 Arcades
922 3833 1142 3917 proficiscitur,
1164 3831 1215 3897 aul
1238 3835 1422 3912 καταλαβών

305 3944 388 4010 τάλιν
411 3945 551 4011 Εὔταιαν.
572 3948 658 4012 Num
680 3947 812 4012 verbum
834 3949 1045 4030 compositum
1065 3945 1316 4024 καταλαμβάνειν
1330 3970 1422 4013 usur·

305 4063 374 4145 pari
405 4063 505 4146 possit
535 4062 573 4126 de
605 4061 691 4144 urbe,
717 4081 813 4144 quam
845 4080 964 4144 omnes,
989 4063 1045 4145 qui
1069 4066 1169 4125 aetate
1194 4062 1322 4126 militari
1346 4069 1422 4128 sunt

305 4176 389 4254 (vide
410 4176 503 4257 infra)
528 4176 737 4260 reliquerunt,
764 4174 967 4239 vehementer
989 4175 1108 4238 dubito.

349 4287 389 4370 V,
425 4289 473 4352 13.
513 4287 750 4352 Orchomenum
785 4293 969 4372 oppugnant
1006 4287 1253 4372 Mantineenses,
1289 4290 1346 4354 sed
1381 4291 1420 4355 ab
