3354 5268
723 659 762 720 77

226 843 285 930 111,
317 845 345 907 5.
374 843 549 927 Postquam
571 843 735 928 cognitum
758 846 807 907 est
829 841 1033 906 Medosadem
1056 863 1075 907 a
1096 842 1183 929 Rege
1214 863 1302 908 sum·

184 959 318 1022 missum
354 976 432 1040 esse,
468 958 523 1041 qui
555 956 684 1021 Graecis
714 957 927 1041 persuaderet,
957 962 994 1021 11
1025 977 1113 1022 arma
1136 959 1302 1042 traderent,

186 1071 283 1134 duces
306 1071 516 1135 decreverunt
541 1070 666 1134 nullum
691 1071 820 1154 posthac
841 1072 876 1132 in
900 1075 1003 1134 castra
1027 1071 1191 1136 admittere
1219 1073 1304 1155 lega·

186 1190 263 1249 tum.
287 1182 446 1264 διέφθειραν
470 1183 527 1263 γὰρ
551 1181 707 1264 τοοςιόντες
731 1182 796 1254 τοὺς
820 1183 1009 1263 στρατιώτας.
1036 1183 1099 1261 Qui
1119 1187 1245 1252 tandem
1259 1189 1307 1252 1111

186 1305 271 1382 sunt,
306 1300 362 1384 qui
397 1299 513 1364 milites
546 1297 815 1382 corrumpebant?
846 1297 920 1362 Non
949 1301 1035 1363 enim
1058 1301 1117 1364 hoo
1139 1319 1156 1364 e
1180 1321 1307 1386 praece·

187 1413 336 1478 dentibus
366 1419 502 1498 apparet.
525 1413 570 1477 Ut
593 1433 688 1477 suum
713 1411 774 1476 sibi
797 1411 977 1477 subiectum
1003 1416 1160 1479 sententia
1183 1415 1306 1499 habeat,

185 1528 255 1611 lege
274 1526 298 1590 oi
316 1524 481 1606 τροςιόντες.
503 1525 627 1590 Deinde
647 1526 809 1610 sequitur:
824 1523 875 1588 κοι1
888 1522 939 1588 ἕνα
951 1549 987 1602 γε
1000 1526 1132 1606 λοχαγὸν
1145 1525 1306 1608 διέφθειραν

187 1639 339 1720 Νίκαρχον
362 1637 506 1720 Ἀρκάδα,
530 1636 582 1702 καὶ
607 1639 701 1718 ᾤχετο
724 1638 785 1702 ari.
809 1638 898 1704 Haec
921 1639 1019 1704 verba
1038 1646 1075 1704 ut
1093 1640 1175 1705 bene
1195 1643 1306 1707 cohae-

187 1759 286 1836 reant,
309 1773 366 1838 pro
388 1749 439 1816 κα1
463 1753 559 1832 ᾤχετο
585 1752 788 1818 scribendum
811 1757 859 1817 est
881 1751 911 1824 ὃς
935 1750 1038 1832 ᾤχετο.

231 1868 288 1951 IV,
317 1869 367 1930 35.
399 1866 447 1930 δεῖ
471 1863 610 1940 ε’τισοίξαι
643 1866 690 1930 τὸν
720 1862 807 1929 ίττον
831 1863 924 1946 Πέρσῃ
948 1864 1029 1946 ἀνδρὶ
1053 1865 1105 1929 καὶ
1128 1870 1305 1947 χαλινῶσαι.

187 1979 276 2044 Dura
299 1981 402 2046 hercle
426 1999 462 2044 ea
485 1985 533 2045 est
557 1980 677 2060 militia,
701 1981 733 2043 in
759 2000 822 2064 que
844 1981 913 2043 viro
937 1999 1041 2064 equus
1060 1981 1235 2064 portandus
1247 1982 1305 2045 sit!

188 2093 272 2170 Quid
295 2113 370 2158 vero
394 2093 489 2157 verba
513 2112 594 2177 quae
615 2094 710 2156 citavi
730 2092 817 2156 aliud
837 2092 1016 2176 significare
1036 2099 1170 2176 possunt
1192 2114 1305 2178 quam:

188 2207 305 2272 Persae
325 2208 513 2272 clitellarum
537 2208 639 2271 instar
661 2225 782 2290 equum
805 2207 927 2289 imponi
947 2224 1077 2271 neoesse
1097 2206 1168 2271 est?
1188 2206 1306 2272 Emen-

188 2322 264 2387 dent
287 2322 393 2386 locum
419 2321 595 2386 acutiores!

232 2435 273 2518 V,
304 2437 333 2498 4.
364 2432 415 2498 καὶ
446 2434 470 2499 οἱ
499 2433 553 2511 μὲν
582 2431 670 2514 ἀμφὶ
694 2432 858 2514 Χειρίσοφον
881 2433 1003 2513 dapium
1026 2433 1059 2496 ἕκ
1082 2439 1135 2506 τῆς
1159 2432 1301 2510 βοηθείας.

188 2549 331 2612 Annotat
361 2548 552 2613 Kiibnerus:
585 2597 600 2629 „
612 2547 779 2612 obscurius
802 2548 952 2611 hocloco
975 2535 1103 2612 locutus
1127 2552 1175 2613 est
1197 2547 1307 2612 Xeno·

188 2662 283 2745 phon,
317 2682 390 2726 nam
427 2663 526 2726 huius
555 2659 688 2739 βοηθείας
721 2661 841 2725 nullam
874 2666 967 2725 antea
999 2662 1191 2725 mentionem
1224 2660 1306 2725 fecit.

187 2775 347 2840 Videntur
377 2795 450 2860 ergo
484 2775 691 2860 Chirisopbus
714 2776 849 2858 eiusque
872 2775 987 2839 milites
1011 2775 1168 2839 auxilium
1195 2775 1307 2839 tulisse

187 2891 228 2954 iis
262 2889 398 2973 Graecis,
434 2891 490 2974 qui
523 2890 706 2974 praedaturi
736 2889 871 2972 dispersi
903 2893 1002 2970 erant,
1034 2908 1134 2972 quum
1158 2888 1307 2952 nonnulli

187 3023 298 3068 eorum
321 3024 339 3068 a
362 3003 469 3068 Persis
493 3005 590 3068 occisi
613 3007 727 3067 essent.
751 3000 798 3064 Eo
818 3006 959 3084 tempore
977 3001 1203 3084 Tissaphernes
1224 3002 1308 3065 eius-

189 3136 252 3200 que
278 3118 394 3182 milites
417 3119 505 3181 vicos
528 3115 715 3181 comburere
739 3116 843 3178 conati
867 3120 950 3178 sunt.
976 3112 1102 3190 Quare
1127 3121 1307 3179 commotus

190 3229 397 3316 Chirisophus
427 3233 560 3314 eiusque
584 3231 702 3294 milites
725 3229 889 3294 redierunt
911 3228 943 3291 ἐκ
966 3235 1020 3302 τῆς
1045 3227 1210 3305 βοοίείας.”
1233 3228 1307 3293 Non

190 3349 237 3408 est
260 3345 321 3409 hoc
346 3343 507 3426 „obscure
528 3342 648 3428 loqui”‚
670 3343 725 3406 sed
742 3343 857 3406 vitium
878 3343 1083 3426 committere,
1104 3362 1167 3426 quo
1179 3342 1307 3406 nullum

189 3458 324 3542 scriptor
352 3459 483 3541 gravius
510 3457 706 3521 committere
729 3457 837 3540 possit.
862 3453 942 3531 Quis
967 3457 1052 3520 enim
1076 3475 1219 3540 unquam
1242 3461 1308 3520 tam

188 3574 386 3656 negligenter
407 3572 556 3654 narravit
579 3576 616 3635 ut
639 3571 678 3635 de
702 3590 739 3634 ea
762 3589 804 3653 re,
829 3577 990 3654 tamquam
1012 3575 1096 3653 nota,
1113 3572 1310 3654 loqueretur,

190 3707 285 3771 quam
309 3686 419 3750 nullus
443 3685 541 3748 lector
564 3703 629 3748 non
653 3683 746 3747 modo
767 3684 856 3766 scire,
878 3683 932 3748 sed
954 3702 995 3747 ne
1015 3683 1157 3747 diuinare
1178 3683 1307 3766 quidem

188 3801 318 3886 posset?
351 3799 431 3876 Quis
456 3818 600 3883 unquam
624 3799 668 3862 ita
691 3796 828 3861 scribere
852 3817 951 3860 ausus
976 3801 1032 3879 est,
1055 3802 1092 3860 ut
1115 3796 1231 3860 milites
1254 3796 1309 3858 ali-

191 3937 272 4001 quos
299 3914 453 3996 profectos
484 3934 548 3978 essa
578 3915 745 3995 omitteret,
775 3913 901 3977 eosdem
921 3911 1049 3975 rediisse
1071 3912 1220 3975 lectorem
1243 3929 1309 3975 cer·

190 4033 302 4094 tiorem
337 4027 478 4092 faceret?
514 4025 621 4090 Satius
653 4044 727 4109 ergo
759 4031 807 4089 est
835 4027 869 4088 in
900 4024 1093 4088 editionibus
1116 4029 1188 4088 anto
1211 4024 1310 4089 verba

190 4145 284 4209 citata
305 4143 440 4207 lacunae
462 4158 580 4225 ponere
603 4141 744 4224 signum.

652 4425 845 4437 ——n——u-
