3354 5268
879 601 919 661 14

338 786 466 850 feminis
500 784 584 847 idem
617 801 750 846 onerum
785 755 890 864 genus
922 782 1008 864 quod
1039 784 1117 845 viris
1147 785 1327 866 imponere:
1353 783 1460 848 solum

339 898 435 978 addit,
466 898 494 960 si
522 895 661 959 feminae
685 915 780 979 quam
805 897 865 958 viri
889 896 953 959 siut
975 895 1176 977 infirmiores,
1199 896 1321 959 leviora
1343 898 1383 960 iis
1405 898 1460 960 tri·

339 1011 467 1075 buenda
487 1028 556 1073 essa
577 1027 682 1089 onera,
702 1027 766 1071 non
787 1007 921 1072 diversa.
943 1005 1050 1082 Quum
1070 1013 1177 1072 autem
1190 1009 1223 1071 in
1236 1008 1460 1092 Xenophontis

339 1124 486 1187 convivio
522 1121 683 1186 Socratem
718 1121 823 1202 audio,
858 1120 1026 1184 saltatricis
1057 1121 1205 1203 spectatis
1236 1120 1387 1202 artificiis,
1416 1121 1462 1204 ita

340 1238 492 1300 convivas
526 1236 755 1318 alloquentem:
795 1240 851 1315 ,et
883 1236 918 1297 iu
954 1234 1064 1297 multis
1099 1234 1170 1298 aliis
1205 1233 1310 1311 rebus
1344 1239 1376 1298 et
1410 1235 1461 1297 hio

340 1368 479 1433 quoque,
510 1350 587 1412 viri!
619 1353 756 1431 apparet,
786 1347 956 1410 femineam
989 1351 1135 1410 naturam
1159 1347 1259 1410 nihilo
1283 1347 1369 1411 virili
1392 1365 1461 1412 esse

339 1462 538 1526 inferiorem:
570 1461 711 1544 proinde,
743 1460 770 1524 si
801 1460 854 1522 cui
884 1464 1027 1523 vestrum
1059 1479 1142 1523 uxor
1165 1463 1221 1541 est,
1244 1459 1328 1523 bono
1353 1461 1460 1524 animo

340 1595 409 1639 eam
441 1575 552 1639 doceat
582 1575 729 1657 quamvis
761 1591 838 1653 rem,
862 1574 955 1636 cuius
978 1590 1048 1636 eam
1071 1573 1204 1656 peritam
1229 1591 1299 1638 esse
1322 1571 1462 1656 cupiat'',

341 1687 418 1750 haec
456 1707 556 1770 quum
589 1686 660 1769 lego
690 1687 795 1749 statim
821 1685 900 1748 mihi
923 1684 1066 1748 Platonis
1088 1686 1122 1748 in
1147 1690 1286 1748 mentem
1309 1686 1407 1766 venit,
1430 1689 1462 1748 et

339 1799 433 1862 facile
467 1801 547 1862 mihi
576 1799 762 1882 persuadeo,
793 1818 858 1861 non
881 1817 1013 1881 prorsus
1037 1817 1145 1879 novas,
1170 1803 1201 1862 et
1223 1818 1241 1860 a
1264 1817 1298 1861 se
1321 1799 1460 1880 primum

340 1912 552 1980 inventasde
573 1910 702 1975 feminis
724 1911 811 1993 leges
835 1929 909 1974 eum
932 1911 967 1985 in
989 1929 1080 1974 suam
1101 1909 1341 1993 Rempublioam
1362 1911 1461 1972 intro-

342 2025 482 2088 duxisse.
505 2023 569 2087 Ubi
593 2042 668 2086 vero
693 2024 727 2086 in
752 2024 982 2087 suavissimum
1002 2022 1110 2086 locum
1131 2021 1461 2106 Oeconomiciincido‚

342 2157 406 2220 quo
440 2137 669 2200 Ischomachus
702 2137 822 2220 primae
856 2155 934 2200 suae
965 2137 1004 2198 ad
1036 2155 1171 2201 uxorem
1203 2137 1388 2200 allocutioni
1417 2137 1461 2200 ita

341 2249 439 2314 finem
470 2249 547 2312 iacit
584 2248 863 2330 „iucundissimus
894 2268 969 2312 vero
1000 2249 1053 2311 hio
1083 2249 1142 2313 tibi
1165 2251 1285 2328 (earum
1310 2269 1460 2314 curarum

343 2381 423 2446 quas
445 2363 503 2426 tibi
525 2361 691 2425 mandatas
715 2362 798 2442 volo)
817 2361 940 2425 fructus
960 2363 1028 2443 erit,
1048 2363 1076 2425 si
1094 2368 1125 2425 te
1137 2381 1188 2426 me
1200 2364 1460 2445 praestantiorem

343 2494 413 2540 esse
443 2475 614 2558 apparebit,
644 2473 850 2556 effecerisque
880 2479 917 2537 ut
940 2493 998 2557 ego
1022 2474 1080 2537 tibi
1104 2493 1249 2558 paream3
1272 2493 1379 2558 neque
1402 2475 1462 2537 erit

344 2589 430 2672 quod
465 2588 613 2669 verearis,
643 2607 685 2650 ne
716 2587 897 2650 labentibus
928 2589 1020 2651 annis
1043 2589 1077 2650 in
1101 2590 1224 2652 minore
1248 2608 1344 2671 quam
1369 2593 1462 2654 antea

343 2701 388 2764 sis
422 2699 533 2763 futura
565 2701 694 2780 honore,
730 2700 786 2762 sed
815 2698 974 2763 confidere
1003 2703 1121 2783 poteris
1144 2707 1175 2764 te
1198 2703 1348 2765 maiorem
1375 2706 1461 2783 natu,

344 2833 409 2897 quo
437 2814 517 2876 mihi
546 2813 670 2877 fidelior
699 2812 799 2876 fueris
823 2814 916 2894 socia,
940 2812 1113 2896 liberisque
1137 2816 1254 2878 uostris
1279 2808 1392 2878 melior
1414 2815 1462 2878 rei

336 2925 507 2990 ¹familiaris
530 2932 647 3007 custos,
670 2945 706 2989 eo
730 2929 761 2989 te
783 2925 924 2989 futuram
945 2944 1015 2989 esse
1035 2926 1120 2989 domi
1139 2931 1266 2991 nostrae
1282 2927 1462 3009 honoratio·

343 3057 426 3101 rem:
464 3038 549 3121 quod
580 3040 665 3102 enim
696 3041 730 3102 in
753 3039 937 3102 hominibus
961 3039 1132 3122 pulchrum
1157 3044 1188 3103 et
1211 3041 1379 3104 honestum
1405 3046 1461 3123 est,

344 3169 409 3213 nou
432 3152 572 3234 corporis
595 3150 706 3232 forma,
729 3152 785 3214 sed
809 3153 923 3215 mentis
945 3150 1234 3216 virtutibusalitur
1254 3152 1464 3236 et·augetur‘’,

343 3263 378 3324 in
413 3280 487 3325 eum
521 3262 628 3326 locum
660 3283 760 3346 quum
792 3264 907 3344 incido,
931 3263 1094 3328 Socratem
1117 3265 1196 3328 mihi
1219 3265 1330 3329 videor
1353 3265 1463 3328 audire

345 3393 417 3437 cum
442 3374 507 3438 leni
526 3375 772 3457 reprehensione
792 3376 1069 3458 demonstrantem,
1088 3397 1154 3440 uon
1174 3396 1243 3440 eam
1264 3397 1333 3442 esse
1346 3383 1463 3442 sortem

339 3488 545 3568 feminarum,
574 3507 671 3571 quam
693 3507 762 3552 esse
786 3495 942 3572 oporteat:
967 3490 1122 3554 formosas
1146 3491 1285 3575 quidem,
1308 3491 1464 3576 quamdiu

340 3602 411 3664 sint
434 3601 468 3663 in
490 3599 569 3664 tlore
593 3602 714 3682 aetatis,
737 3601 964 3666 blanditiarum
989 3605 1076 3666 omni
1094 3623 1211 3687 genere
1228 3605 1291 3668 ‘coli
1315 3605 1463 3669 etobser·

346 3714 423 3794 vari,
446 3713 502 3776 sed
524 3718 602 3777 natu
626 3715 771 3797 maiores,
790 3734 916 3798 easque,
937 3716 1055 3799 quibus
1076 3723 1190 3780 natura
1209 3719 1463 3800 novercafuerit,

345 3844 439 3908 saepe
472 3826 642 3909 indignum
676 3827 709 3889 in
743 3828 873 3891 modum
904 3829 1023 3912 despici
1054 3835 1086 3892 et
1109 3830 1253 3913 derideri,
1276 3832 1374 3914 idque
1398 3851 1463 3895 uon

344 3959 366 4002 a
398 3939 527 4002 rusticis
560 3940 674 4020 solum,
707 3941 764 4005 sed
797 3942 890 4005 etiam
926 3941 965 4005 ab
994 3943 1044 4025 iis,
1076 3945 1132 4025 qui
1163 3944 1225 4007 sibi
1257 3946 1370 4009 urbani
1394 3965 1464 4010 esse

347 4051 533 4114 videantur:
568 4053 601 4115 id
637 4059 685 4116 est
716 4072 753 4116 ea
779 4053 845 4117 fere
875 4054 1100 4137 disputantem,
1133 4076 1215 4139 quae
1237 4058 1460 4140 pulcherrimis

347 4163 495 4227 versibus
526 4165 845 4244 nobilemieminam
861 4218 863 4223 .
878 4172 1126 4251 conquerentem
1149 4168 1226 4234 facit
1251 4170 1404 4236 Goethius
1426 4175 1460 4236 in

341 4277 488 4354 ,dramate
521 4277 679 4361 Torquato
708 4280 860 4362 hessone,
895 4299 974 4362 quos
1007 4281 1105 4344 latine
1137 4288 1318 4368 utcumque
1352 4305 1461 4350 versos
