3348 5262
835 573 899 636 208

345 758 452 842 XVII,
481 759 509 822 7.
535 758 628 839 ,Alii
651 776 755 822 serere
777 762 913 841 possunt
936 756 1065 834 δμαλιῖις,
1090 759 1146 822 alii
1169 778 1233 822 non
1256 757 1422 842 possunt.’'

301 873 391 938 Haec
414 872 469 936 ubi
494 873 576 936 dixit
599 872 835 954 Ischomachus,
859 871 1003 937 Socrates
1026 872 1191 938 observat:
1216 873 1317 936 οὐκοῦν
1341 876 1426 936 τοῦτο

303 986 358 1063 μὲν
377 984 431 1059 ἤδη
452 984 579 1063 μελέτης
592 985 686 1049 δεῖται
699 982 788 1065 ὥςπερ
800 986 977 1066 κιθαρισταῖς
990 985 1006 1058 ἡ
1018 984 1091 1065 χείρ.
1107 986 1152 1050 Ut
1164 987 1281 1071 aliquis
1293 987 1344 1050 nis
1357 1005 1426 1049 ver-

303 1099 354 1163 bis
366 1118 481 1164 sensus
492 1100 577 1180 insit,
589 1119 644 1182 pro
657 1102 742 1162 τοῦτο
754 1096 809 1174 μέν
821 1099 947 1181 legatur
958 1096 1067 1169 τούτοις
1079 1096 1135 1175 μέν
1144 1101 1199 1181 (sc.
1207 1073 1269 1170 τοῖςΙ
1282 1099 1325 1176 μὴ
1340 1098 1426 1161 δονα-

304 1211 418 1294 μένοις).
431 1215 539 1296 Atque
551 1213 610 1276 hoc
622 1213 763 1276 voluisse
775 1210 1023 1296 Xenophontem
1035 1213 1116 1277 mihi
1129 1233 1186 1297 pro
1199 1219 1283 1278 certo
1295 1218 1427 1278 constat.

348 1325 455 1408 XVII,
487 1327 515 1389 9.
550 1325 711 1406 „Fortiori
743 1324 892 1409 equidem
923 1325 1066 1389 homini'’
1090 1325 1236 1390 Socrates
1259 1328 1303 1390 ait
1329 1343 1428 1410 ,gra-

305 1441 377 1504 vius
401 1459 483 1504 onus
506 1440 678 1523 imponam,
701 1435 756 1501 κᾶν
779 1434 828 1518 δέρ
851 1434 1010 1518 τρέφεσθαί
1031 1460 1123 1512 τινας,
1147 1446 1206 1511 τοῖς
1225 1438 1428 1519 δυνατωτέροις

304 1547 341 1614 ἂν
364 1549 429 1622 τοὺς
453 1549 569 1621 πλείους
592 1546 821 1630 τροςτοὶξαιμι.”
846 1550 1010 1615 Sententia
1032 1552 1148 1615 horum
1171 1551 1342 1616 verborum
1361 1557 1427 1616 est:

309 1665 485 1746 ,maiorem
510 1664 658 1747 equidem
680 1669 802 1747 partem
827 1662 1031 1727 divitioribus
1056 1663 1186 1728 alendos
1208 1664 1326 1744 darem,
1348 1683 1428 1748 pau-

305 1777 484 1861 perioribus
519 1775 703 1840 minorem.”
740 1775 802 1840 Sed
837 1777 865 1840 si
899 1780 965 1839 tota
999 1777 1111 1839 civius
1143 1777 1177 1838 iu
1209 1775 1372 1841 divitiores
1397 1783 1429 1841 et

306 1893 511 1975 pauperiores
535 1890 698 1972 dividitur,
721 1908 860 1976 aequum
886 1894 934 1953 est
955 1889 1028 1953 illos
1051 1891 1159 1953 omnia
1182 1909 1316 1954 munera
1336 1890 1430 1974 ferre,

307 2006 366 2069 hos
399 2006 560 2070 immunes
595 2023 673 2068 esse.
706 2002 780 2066 Non
816 2002 927 2066 dubito
962 2004 1041 2086 quin
1073 2001 1218 2069 Socrates
1250 2004 1310 2068 hoc
1333 2003 1429 2068 velit:

311 2138 402 2202 ,quo
433 2119 571 2201 quisque
602 2117 731 2181 divitior
762 2119 819 2198 est,
849 2134 886 2181 eo
918 2116 1026 2199 plures
1058 2118 1088 2180 ei
1112 2121 1188 2181 sunt
1211 2116 1348 2200 alendi'’,
1369 2119 1389 2180 i.
1404 2137 1430 2181 e.

307 2230 422 2303 τλιίονς
445 2233 515 2295 sine
540 2231 685 2294 articulo.

354 2343 456 2429 Caput
478 2344 603 2427 XVIII,
629 2345 656 2407 l.
680 2343 800 2410 Ceteris
823 2344 1036 2429 agriculturae
1056 2344 1201 2428 partibus
1221 2327 1430 2429 pertractatis,

309 2459 452 2524 Socrates
481 2458 725 2522 Ischomachum
757 2463 856 2541 rogat,
879 2463 916 2522 ut
939 2478 974 2522 se
996 2458 1107 2523 doceat
1131 2461 1290 2542 quomodo
1315 2461 1429 2525 messis

280 2547 284 2555 Ι
308 2572 452 2636 facienda
476 2573 524 2636 sit.
548 2570 731 2655 Respondet
753 2571 998 2636 Ischomachus:
1023 2568 1057 2643 ἢν
1081 2570 1123 2648 μή
1148 2595 1185 2648 γε
1208 2576 1307 2652 φανῇς
1327 2569 1431 2645 aelata

310 2689 395 2748 τοῦτο
426 2682 467 2746 τα
496 2683 575 2747 αὐτα
597 2681 664 2761 ἐμοὶ
687 2682 889 2761 ἐτιττιὶμενος.
914 2684 1118 2768 Languidum
1141 2687 1228 2750 istud
1250 2691 1349 2766 φανῇς
1374 2692 1430 2768 est,

310 2803 394 2862 certe
418 2797 518 2861 multo
544 2798 738 2881 languidius,
763 2818 859 2882 quam
879 2798 1112 2882 lepidissimum
1130 2799 1220 2874 illud,
1240 2800 1431 2884 quodpaulo

309 2916 382 2996 post
413 2912 442 2993 (ξ
468 2913 497 2991 3)
529 2911 640 2975 eodem
672 2930 769 2976 sensu
791 2912 924 2994 legitur:
951 2911 1016 2992 ὁρᾷς
1040 2904 1060 2973 ὦ
1083 2911 1234 2991 Σώκρατες
1259 2912 1296 2984 ὥς
1319 2910 1432 2976 οἱλίτκει

310 3026 357 3088 ἐτ’
393 3024 550 3104 αὐτοφώρῳ
585 3024 664 3095 εἰδὼς
699 3021 772 3104 ἅπερ
805 3024 880 3101 ἐγώς
914 3023 998 3100 Quid
1034 3045 1092 3109 pro
1126 3029 1226 3105 Φανῇς
1259 3026 1430 3111 legendum

311 3157 457 3203 censeam
492 3137 584 3202 facile
617 3143 664 3202 est
693 3138 734 3202 ad
766 3138 1009 3201 coniiciendum.
1032 3138 1260 3203 Ischomachus
1284 3141 1369 3203 enim
1393 3139 1431 3202 de

313 3272 372 3316 sua
405 3256 471 3315 arte
504 3251 670 3334 disputans
704 3250 888 3334 frequenter
924 3269 961 3314 ea
995 3251 1096 3315 utitur
1129 3252 1241 3334 ironia,
1276 3257 1313 3315 ut
1348 3252 1431 3315 dIcat

313 3366 571 3447 demonstretque
593 3363 682 3426 illam
707 3363 748 3427 ad
773 3363 962 3428 discendnm
987 3368 1052 3427 tam
1072 3363 1197 3428 facilem
1217 3383 1295 3446 esse,
1315 3366 1431 3428 nteins

312 3480 398 3562 leges
422 3477 598 3562 discipulus
621 3477 684 3541 ium
707 3479 786 3542 sciat
805 3478 1035 3562 intelligatque,
1049 3477 1241 3558 priusquam
1253 3498 1328 3542 eum
1341 3479 1431 3563 quid·

315 3612 410 3675 quam
443 3592 593 3675 magister
616 3590 759 3655 docuerit
783 3591 833 3654 vel
856 3591 969 3654 docere
991 3593 1138 3674 potnerit.
1162 3590 1334 3674 Scripsisse
1356 3610 1430 3675 ergo

314 3704 561 3788 Xenophontem
591 3705 702 3788 opinor
732 3701 857 3784 φθανρς.
891 3703 1081 3768 Conferatur
1103 3704 1189 3787 quod
1213 3704 1231 3786 ξ
1257 3705 1430 3794 elegitur:

315 3819 413 3881 ταῦτα
435 3816 490 3894 μὲν
512 3814 605 3880 τοίνυν
629 3815 737 3879 οὐδὲν
759 3816 854 3892 ἐμοῦ
877 3814 1006 3879 λείπει
1029 3815 1205 3893 γιγνώσκων.

359 3929 483 4010 XVIII,
508 3931 536 3992 2.
557 3929 591 3994 Si
609 3929 762 3993 frumenti
781 3929 894 3992 calami
913 3930 1002 4013 longi
1015 3931 1154 4013 sunt,ita
1166 3933 1278 3995 messis
1289 3930 1434 3995 facienda

316 4053 372 4126 est,
402 4050 438 4109 ut
464 4044 586 4108 medios
608 4043 732 4108 incidas
756 4043 894 4106 calamos
918 4039 963 4104 ἵνα
987 4041 1066 4119 μήτε
1088 4042 1111 4106 οἱ
1133 4041 1275 4114 αλοῶντες
1300 4044 1432 4122 μοχθῶοι

317 4156 445 4237 περιττὸν
468 4154 551 4220 τόνον
574 4156 653 4233 μήτε
675 4155 698 4219 οἱ
719 4157 882 4232 λικμῶντες
905 4149 941 4218 ὦν
961 4155 1040 4219 οὐδὲν
1060 4153 1248 4236 τροςδέονται.
1269 4155 1449 4220 Sententia'

317 4271 490 4340 claudicat:
533 4275 589 4334 aut
622 4271 706 4335 enim
740 4275 814 4354 post
847 4273 1009 4347 λικμῶντες
1046 4269 1179 4335 verbum
1215 4270 1342 4350 excidit,
1376 4278 1432 4336 aut
