<?xml version="1.0" encoding="UTF-8"?>
<!DOCTYPE html PUBLIC "-//W3C//DTD XHTML 1.0 Transitional//EN"
    "http://www.w3.org/TR/xhtml1/DTD/xhtml1-transitional.dtd">
<html xmlns="http://www.w3.org/1999/xhtml" xml:lang="en" lang="en">
 <head>
  <title>
</title>
<meta http-equiv="Content-Type" content="text/html;charset=utf-8" />
  <meta name='ocr-system' content='tesseract 3.04.00' />
  <meta name='ocr-capabilities' content='ocr_page ocr_carea ocr_par ocr_line ocrx_word'/>
</head>
<body>
  <div class='ocr_page' id='page_1' title='image "./analectaxenopho00hartgoog_0085.png"; bbox 0 0 3354 5268; ppageno 0'>
   <div class='ocr_carea' id='block_1_1' title="bbox 882 633 920 696">
    <p class='ocr_par' dir='ltr' id='par_1_1' title="bbox 882 633 920 696">
     <span class='ocr_line' id='line_1_1' title="bbox 882 633 920 696; baseline 0.053 -2"><span class='ocrx_word' id='word_1_1' title='bbox 882 633 920 696; x_wconf 80' lang='lat'>70</span> 
     </span>
    </p>
   </div>
   <div class='ocr_carea' id='block_1_2' title="bbox 250 813 1465 4425">
    <p class='ocr_par' dir='ltr' id='par_1_2' title="bbox 333 813 1456 1810">
     <span class='ocr_line' id='line_1_2' title="bbox 377 813 1454 901; baseline -0.002 -19"><span class='ocrx_word' id='word_1_2' title='bbox 377 818 436 901; x_wconf 89' lang='lat' dir='ltr'>III,</span> <span class='ocrx_word' id='word_1_3' title='bbox 468 818 507 881; x_wconf 77' lang='lat'>17</span> <span class='ocrx_word' id='word_1_4' title='bbox 539 813 650 897; x_wconf 74' lang='grc' dir='ltr'><em>εὕρημα</em></span> <span class='ocrx_word' id='word_1_5' title='bbox 680 815 862 894; x_wconf 76' lang='grc' dir='ltr'><em>ἕποινσάμνρν</em></span> <span class='ocrx_word' id='word_1_6' title='bbox 893 813 920 880; x_wconf 81' lang='grc' dir='ltr'>εἴ</span> <span class='ocrx_word' id='word_1_7' title='bbox 947 839 1009 889; x_wconf 83' lang='grc' dir='ltr'><em>ποις</em></span> <span class='ocrx_word' id='word_1_8' title='bbox 1031 816 1173 894; x_wconf 72' lang='grc' dir='ltr'>δυναίμην</span> <span class='ocrx_word' id='word_1_9' title='bbox 1197 817 1278 898; x_wconf 84' lang='grc' dir='ltr'>παρά</span> <span class='ocrx_word' id='word_1_10' title='bbox 1305 814 1454 895; x_wconf 87' lang='grc' dir='ltr'><em>βασιλέας</em></span> 
     </span>
     <span class='ocr_line' id='line_1_3' title="bbox 333 927 1454 1006; baseline -0.001 -11"><span class='ocrx_word' id='word_1_11' title='bbox 333 931 511 1004; x_wconf 76' lang='grc' dir='ltr'><em>αἰτήσασθαι</em></span> <span class='ocrx_word' id='word_1_12' title='bbox 541 929 638 994; x_wconf 87' lang='grc' dir='ltr'><em>δοῶναι</em></span> <span class='ocrx_word' id='word_1_13' title='bbox 664 927 730 1006; x_wconf 77' lang='grc' dir='ltr'><em>ἐμοὶ</em></span> <span class='ocrx_word' id='word_1_14' title='bbox 753 929 906 993; x_wconf 85' lang='grc' dir='ltr'><em>ἀποσῶσαι</em></span> <span class='ocrx_word' id='word_1_15' title='bbox 930 929 1010 1006; x_wconf 84' lang='grc' dir='ltr'><em>ὑμῶς</em></span> <span class='ocrx_word' id='word_1_16' title='bbox 1034 929 1074 1002; x_wconf 76' lang='grc' dir='ltr'>εἰς</span> <span class='ocrx_word' id='word_1_17' title='bbox 1097 929 1150 1002; x_wconf 66' lang='grc' dir='ltr'>τὴν</span> <span class='ocrx_word' id='word_1_18' title='bbox 1173 929 1319 995; x_wconf 74' lang='grc' dir='ltr'><em>Ἐλλάδα</em></span> <span class='ocrx_word' id='word_1_19' title='bbox 1345 930 1454 996; x_wconf 83' lang='lat' dir='ltr'>Verba</span> 
     </span>
     <span class='ocr_line' id='line_1_4' title="bbox 335 1043 1455 1128; baseline 0.002 -21"><span class='ocrx_word' id='word_1_20' title='bbox 335 1043 512 1117; x_wconf 77' lang='grc' dir='ltr'><em>αἰτήσασθαι</em></span> <span class='ocrx_word' id='word_1_21' title='bbox 553 1043 647 1106; x_wconf 85' lang='grc' dir='ltr'><em>δοῦναι</em></span> <span class='ocrx_word' id='word_1_22' title='bbox 682 1044 761 1107; x_wconf 92' lang='lat' dir='ltr'>mihi</span> <span class='ocrx_word' id='word_1_23' title='bbox 797 1044 998 1108; x_wconf 89' lang='lat' dir='ltr'>vehementer</span> <span class='ocrx_word' id='word_1_24' title='bbox 1033 1043 1221 1128; x_wconf 73' lang='lat' dir='ltr'>displicent,</span> <span class='ocrx_word' id='word_1_25' title='bbox 1256 1065 1330 1108; x_wconf 89' lang='lat' dir='ltr'>nam</span> <span class='ocrx_word' id='word_1_26' title='bbox 1366 1044 1455 1128; x_wconf 93' lang='lat' dir='ltr'>quid,</span> 
     </span>
     <span class='ocr_line' id='line_1_5' title="bbox 337 1154 1454 1242; baseline -0.001 -20"><span class='ocrx_word' id='word_1_27' title='bbox 337 1177 465 1242; x_wconf 83' lang='lat' dir='ltr'>quaeso,</span> <span class='ocrx_word' id='word_1_28' title='bbox 487 1158 573 1221; x_wconf 88' lang='lat' dir='ltr'>istud</span> <span class='ocrx_word' id='word_1_29' title='bbox 601 1162 649 1221; x_wconf 90' lang='lat' dir='ltr'>est</span> <span class='ocrx_word' id='word_1_30' title='bbox 670 1176 773 1240; x_wconf 84' lang='lat' dir='ltr'>genus</span> <span class='ocrx_word' id='word_1_31' title='bbox 796 1154 966 1238; x_wconf 73' lang='grc' dir='ltr'><em>εὑρήματος,</em></span> <span class='ocrx_word' id='word_1_32' title='bbox 990 1162 1027 1220; x_wconf 85' lang='lat' dir='ltr'>ut</span> <span class='ocrx_word' id='word_1_33' title='bbox 1050 1155 1089 1220; x_wconf 94' lang='lat' dir='ltr'>ab</span> <span class='ocrx_word' id='word_1_34' title='bbox 1114 1157 1223 1240; x_wconf 86' lang='lat' dir='ltr'>aliquo</span> <span class='ocrx_word' id='word_1_35' title='bbox 1248 1157 1370 1242; x_wconf 86' lang='lat' dir='ltr'>aliquid</span> <span class='ocrx_word' id='word_1_36' title='bbox 1393 1176 1454 1242; x_wconf 78' lang='lat' dir='ltr'>pe</span> 
     </span>
     <span class='ocr_line' id='line_1_6' title="bbox 336 1269 1455 1354; baseline -0.004 -18"><span class='ocrx_word' id='word_1_37' title='bbox 336 1277 423 1336; x_wconf 87' lang='lat' dir='ltr'>tere</span> <span class='ocrx_word' id='word_1_38' title='bbox 453 1270 582 1354; x_wconf 88' lang='lat' dir='ltr'>possis?</span> <span class='ocrx_word' id='word_1_39' title='bbox 609 1269 706 1334; x_wconf 87' lang='lat' dir='ltr'>Recte</span> <span class='ocrx_word' id='word_1_40' title='bbox 729 1269 858 1333; x_wconf 93' lang='lat' dir='ltr'>demum</span> <span class='ocrx_word' id='word_1_41' title='bbox 880 1288 917 1334; x_wconf 92' lang='lat' dir='ltr'>eo</span> <span class='ocrx_word' id='word_1_42' title='bbox 942 1270 1072 1333; x_wconf 89' lang='lat' dir='ltr'>nomine</span> <span class='ocrx_word' id='word_1_43' title='bbox 1097 1269 1281 1353; x_wconf 85' lang='lat' dir='ltr'>designatur</span> <span class='ocrx_word' id='word_1_44' title='bbox 1302 1270 1345 1352; x_wconf 91' lang='lat' dir='ltr'>id,</span> <span class='ocrx_word' id='word_1_45' title='bbox 1369 1269 1455 1353; x_wconf 93' lang='lat' dir='ltr'>quod</span> 
     </span>
     <span class='ocr_line' id='line_1_7' title="bbox 337 1382 1455 1469; baseline -0.001 -21"><span class='ocrx_word' id='word_1_46' title='bbox 337 1385 376 1449; x_wconf 94' lang='lat' dir='ltr'>ab</span> <span class='ocrx_word' id='word_1_47' title='bbox 412 1386 519 1469; x_wconf 88' lang='lat' dir='ltr'>aliquo</span> <span class='ocrx_word' id='word_1_48' title='bbox 552 1385 766 1468; x_wconf 80' lang='lat' dir='ltr'><strong>impetras,</strong></span> <span class='ocrx_word' id='word_1_49' title='bbox 801 1382 853 1446; x_wconf 82' lang='lat' dir='ltr'>Ex</span> <span class='ocrx_word' id='word_1_50' title='bbox 882 1401 948 1446; x_wconf 91' lang='lat' dir='ltr'>uno</span> <span class='ocrx_word' id='word_1_51' title='bbox 978 1401 1053 1466; x_wconf 84' lang='lat' dir='ltr'>ergo</span> <span class='ocrx_word' id='word_1_52' title='bbox 1086 1382 1193 1465; x_wconf 84' lang='lat' dir='ltr'>verbo,</span> <span class='ocrx_word' id='word_1_53' title='bbox 1218 1383 1304 1466; x_wconf 94' lang='lat' dir='ltr'>quod</span> <span class='ocrx_word' id='word_1_54' title='bbox 1331 1384 1455 1466; x_wconf 70' lang='lat' dir='ltr'>,impe-</span> 
     </span>
     <span class='ocr_line' id='line_1_8' title="bbox 336 1495 1456 1581; baseline -0.004 -18"><span class='ocrx_word' id='word_1_55' title='bbox 336 1497 441 1563; x_wconf 89' lang='lat' dir='ltr'>trare’&#39;</span> <span class='ocrx_word' id='word_1_56' title='bbox 466 1496 631 1581; x_wconf 83' lang='lat' dir='ltr'>significet,</span> <span class='ocrx_word' id='word_1_57' title='bbox 655 1501 837 1581; x_wconf 84' lang='lat' dir='ltr'>corruptam</span> <span class='ocrx_word' id='word_1_58' title='bbox 858 1495 1037 1578; x_wconf 85' lang='lat' dir='ltr'>lectionem,</span> <span class='ocrx_word' id='word_1_59' title='bbox 1062 1516 1158 1580; x_wconf 85' lang='lat' dir='ltr'>quam</span> <span class='ocrx_word' id='word_1_60' title='bbox 1184 1515 1271 1560; x_wconf 89' lang='lat' dir='ltr'>nune</span> <span class='ocrx_word' id='word_1_61' title='bbox 1292 1495 1456 1578; x_wconf 84' lang='lat' dir='ltr'>habemus,</span> 
     </span>
     <span class='ocr_line' id='line_1_9' title="bbox 336 1609 1456 1694; baseline -0.001 -19"><span class='ocrx_word' id='word_1_62' title='bbox 336 1617 445 1676; x_wconf 86' lang='lat' dir='ltr'>natam</span> <span class='ocrx_word' id='word_1_63' title='bbox 469 1631 539 1676; x_wconf 88' lang='lat' dir='ltr'>esse</span> <span class='ocrx_word' id='word_1_64' title='bbox 561 1610 705 1693; x_wconf 82' lang='lat' dir='ltr'>arbitror,</span> <span class='ocrx_word' id='word_1_65' title='bbox 724 1610 780 1675; x_wconf 91' lang='lat' dir='ltr'>sed</span> <span class='ocrx_word' id='word_1_66' title='bbox 800 1609 997 1694; x_wconf 79' lang='lat' dir='ltr'>probabilem</span> <span class='ocrx_word' id='word_1_67' title='bbox 1018 1610 1269 1676; x_wconf 81' lang='lat' dir='ltr'>emendationem</span> <span class='ocrx_word' id='word_1_68' title='bbox 1290 1629 1355 1674; x_wconf 91' lang='lat' dir='ltr'>non</span> <span class='ocrx_word' id='word_1_69' title='bbox 1366 1611 1456 1694; x_wconf 89' lang='lat' dir='ltr'>potui</span> 
     </span>
     <span class='ocr_line' id='line_1_10' title="bbox 339 1727 527 1810; baseline -0.011 -20"><span class='ocrx_word' id='word_1_70' title='bbox 339 1727 527 1810; x_wconf 84' lang='lat' dir='ltr'>excogitare.</span> 
     </span>
    </p>

    <p class='ocr_par' dir='ltr' id='par_1_3' title="bbox 250 1829 1459 2699">
     <span class='ocr_line' id='line_1_11' title="bbox 382 1829 1455 1921; baseline -0.004 -18"><span class='ocrx_word' id='word_1_71' title='bbox 382 1840 439 1921; x_wconf 77' lang='lat' dir='ltr'>IV,</span> <span class='ocrx_word' id='word_1_72' title='bbox 464 1839 482 1901; x_wconf 75' lang='lat'>7</span> <span class='ocrx_word' id='word_1_73' title='bbox 505 1839 563 1916; x_wconf 78' lang='grc' dir='ltr'>ε’γῶ</span> <span class='ocrx_word' id='word_1_74' title='bbox 587 1837 642 1915; x_wconf 76' lang='grc' dir='ltr'>μὲν</span> <span class='ocrx_word' id='word_1_75' title='bbox 666 1829 712 1901; x_wconf 79' lang='grc' dir='ltr'>οὖν</span> <span class='ocrx_word' id='word_1_76' title='bbox 738 1835 878 1914; x_wconf 90' lang='grc' dir='ltr'><em>βασιλέα,</em></span> <span class='ocrx_word' id='word_1_77' title='bbox 902 1829 922 1917; x_wconf 75' lang='grc' dir='ltr'><em>ᾧ</em></span> <span class='ocrx_word' id='word_1_78' title='bbox 947 1833 1017 1901; x_wconf 79' lang='grc' dir='ltr'><em>οὕτω</em></span> <span class='ocrx_word' id='word_1_79' title='bbox 1037 1834 1136 1901; x_wconf 86' lang='grc' dir='ltr'><em>πολλά</em></span> <span class='ocrx_word' id='word_1_80' title='bbox 1155 1838 1215 1901; x_wconf 78' lang='grc' dir='ltr'><em>ἐστι</em></span> <span class='ocrx_word' id='word_1_81' title='bbox 1235 1836 1276 1900; x_wconf 83' lang='grc' dir='ltr'><em>τά</em></span> <span class='ocrx_word' id='word_1_82' title='bbox 1287 1834 1455 1916; x_wconf 78' lang='grc' dir='ltr'><em>σύμμαχα,</em></span> 
     </span>
     <span class='ocr_line' id='line_1_12' title="bbox 250 1943 1456 2036; baseline -0.003 -19"><span class='ocrx_word' id='word_1_83' title='bbox 250 2027 254 2036; x_wconf 34' lang='grc'>1</span> <span class='ocrx_word' id='word_1_84' title='bbox 339 1950 414 2033; x_wconf 76' lang='grc' dir='ltr'><em>εἴπερ</em></span> <span class='ocrx_word' id='word_1_85' title='bbox 445 1952 635 2032; x_wconf 79' lang='grc' dir='ltr'><em>προθυμεῖται</em></span> <span class='ocrx_word' id='word_1_86' title='bbox 667 1952 748 2027; x_wconf 68' lang='grc' dir='ltr'><em>ἀρμῶς</em></span> <span class='ocrx_word' id='word_1_87' title='bbox 770 1948 924 2022; x_wconf 88' lang='grc' dir='ltr'><em>ἀπολέσαι,</em></span> <span class='ocrx_word' id='word_1_88' title='bbox 951 1951 1003 2014; x_wconf 81' lang='grc' dir='ltr'>οὐκ</span> <span class='ocrx_word' id='word_1_89' title='bbox 1027 1943 1085 2014; x_wconf 82' lang='grc' dir='ltr'><em>οἷδ’</em></span> <span class='ocrx_word' id='word_1_90' title='bbox 1109 1946 1151 2014; x_wconf 75' lang='grc' dir='ltr'>ὅτι</span> <span class='ocrx_word' id='word_1_91' title='bbox 1175 1950 1223 2013; x_wconf 80' lang='grc' dir='ltr'>δεῖ</span> <span class='ocrx_word' id='word_1_92' title='bbox 1241 1950 1330 2015; x_wconf 81' lang='grc' dir='ltr'><em>αὐτὸν</em></span> <span class='ocrx_word' id='word_1_93' title='bbox 1352 1948 1456 2027; x_wconf 75' lang='grc' dir='ltr'><em>ἐμέσαι</em></span> 
     </span>
     <span class='ocr_line' id='line_1_13' title="bbox 339 2063 1458 2150; baseline -0.004 -18"><span class='ocrx_word' id='word_1_94' title='bbox 339 2068 398 2132; x_wconf 70' lang='lat' dir='ltr'>uri.</span> <span class='ocrx_word' id='word_1_95' title='bbox 432 2067 530 2132; x_wconf 90' lang='lat' dir='ltr'>Pueri</span> <span class='ocrx_word' id='word_1_96' title='bbox 568 2073 616 2131; x_wconf 90' lang='lat' dir='ltr'>est</span> <span class='ocrx_word' id='word_1_97' title='bbox 645 2068 690 2130; x_wconf 85' lang='lat' dir='ltr'>ite</span> <span class='ocrx_word' id='word_1_98' title='bbox 719 2086 896 2150; x_wconf 88' lang='lat' dir='ltr'>pronomen</span> <span class='ocrx_word' id='word_1_99' title='bbox 925 2064 1013 2129; x_wconf 73' lang='grc' dir='ltr'><em>αὐτόν</em></span> <span class='ocrx_word' id='word_1_100' title='bbox 1037 2085 1156 2150; x_wconf 92' lang='lat' dir='ltr'>ponere</span> <span class='ocrx_word' id='word_1_101' title='bbox 1178 2067 1247 2146; x_wconf 83' lang='grc' dir='ltr'><em>πρὸς</em></span> <span class='ocrx_word' id='word_1_102' title='bbox 1270 2063 1458 2145; x_wconf 74' lang='grc' dir='ltr'><em>ε’πανάλιρψιν</em></span> 
     </span>
     <span class='ocr_line' id='line_1_14' title="bbox 342 2178 1458 2265; baseline -0.002 -19"><span class='ocrx_word' id='word_1_103' title='bbox 342 2181 536 2246; x_wconf 83' lang='lat' dir='ltr'>substantivi</span> <span class='ocrx_word' id='word_1_104' title='bbox 560 2178 700 2257; x_wconf 77' lang='grc' dir='ltr'><em>βασιλέα,</em></span> <span class='ocrx_word' id='word_1_105' title='bbox 726 2181 811 2264; x_wconf 92' lang='lat' dir='ltr'>quod</span> <span class='ocrx_word' id='word_1_106' title='bbox 830 2181 1032 2265; x_wconf 82' lang='lat' dir='ltr'>paucissimis</span> <span class='ocrx_word' id='word_1_107' title='bbox 1052 2179 1158 2244; x_wconf 85' lang='lat' dir='ltr'>verbis</span> <span class='ocrx_word' id='word_1_108' title='bbox 1177 2181 1351 2260; x_wconf 82' lang='lat' dir='ltr'>interiectis</span> <span class='ocrx_word' id='word_1_109' title='bbox 1371 2187 1458 2244; x_wconf 88' lang='lat' dir='ltr'>ante-</span> 
     </span>
     <span class='ocr_line' id='line_1_15' title="bbox 341 2293 1459 2378; baseline -0.001 -19"><span class='ocrx_word' id='word_1_110' title='bbox 341 2296 439 2360; x_wconf 84' lang='lat' dir='ltr'>cedit:</span> <span class='ocrx_word' id='word_1_111' title='bbox 473 2314 578 2378; x_wconf 91' lang='lat' dir='ltr'>neque</span> <span class='ocrx_word' id='word_1_112' title='bbox 612 2295 686 2359; x_wconf 89' lang='lat' dir='ltr'>licet</span> <span class='ocrx_word' id='word_1_113' title='bbox 709 2313 881 2378; x_wconf 85' lang='lat' dir='ltr'>provocare</span> <span class='ocrx_word' id='word_1_114' title='bbox 903 2295 944 2357; x_wconf 85' lang='lat' dir='ltr'>ad</span> <span class='ocrx_word' id='word_1_115' title='bbox 966 2293 1006 2376; x_wconf 89' lang='lat' dir='ltr'>V,</span> <span class='ocrx_word' id='word_1_116' title='bbox 1031 2294 1059 2376; x_wconf 89' lang='lat'>6,</span> <span class='ocrx_word' id='word_1_117' title='bbox 1085 2295 1135 2375; x_wconf 85' lang='lat'>15,</span> <span class='ocrx_word' id='word_1_118' title='bbox 1158 2293 1214 2358; x_wconf 92' lang='lat' dir='ltr'>ubi</span> <span class='ocrx_word' id='word_1_119' title='bbox 1235 2293 1459 2378; x_wconf 87' lang='lat' dir='ltr'>longissimum</span> 
     </span>
     <span class='ocr_line' id='line_1_16' title="bbox 341 2407 1459 2491; baseline -0.001 -19"><span class='ocrx_word' id='word_1_120' title='bbox 341 2413 390 2473; x_wconf 91' lang='lat' dir='ltr'>est</span> <span class='ocrx_word' id='word_1_121' title='bbox 426 2409 563 2491; x_wconf 86' lang='lat' dir='ltr'>spatium</span> <span class='ocrx_word' id='word_1_122' title='bbox 598 2409 682 2471; x_wconf 91' lang='lat' dir='ltr'>inter</span> <span class='ocrx_word' id='word_1_123' title='bbox 712 2409 871 2486; x_wconf 81' lang='grc' dir='ltr'><em>Ξενοφῶντι</em></span> <span class='ocrx_word' id='word_1_124' title='bbox 902 2411 933 2471; x_wconf 91' lang='lat' dir='ltr'>et</span> <span class='ocrx_word' id='word_1_125' title='bbox 962 2407 1050 2490; x_wconf 75' lang='grc' dir='ltr'><em>αὐτῷ,</em></span> <span class='ocrx_word' id='word_1_126' title='bbox 1072 2408 1123 2472; x_wconf 88' lang='lat' dir='ltr'>vel</span> <span class='ocrx_word' id='word_1_127' title='bbox 1147 2407 1188 2470; x_wconf 86' lang='lat' dir='ltr'>ad</span> <span class='ocrx_word' id='word_1_128' title='bbox 1209 2407 1249 2488; x_wconf 84' lang='lat' dir='ltr'>V,</span> <span class='ocrx_word' id='word_1_129' title='bbox 1275 2408 1302 2484; x_wconf 81' lang='grc'>7,</span> <span class='ocrx_word' id='word_1_130' title='bbox 1328 2408 1378 2489; x_wconf 83' lang='grc'>30,</span> <span class='ocrx_word' id='word_1_131' title='bbox 1401 2407 1459 2471; x_wconf 94' lang='lat' dir='ltr'>ubi</span> 
     </span>
     <span class='ocr_line' id='line_1_17' title="bbox 339 2519 1458 2604; baseline 0.003 -20"><span class='ocrx_word' id='word_1_132' title='bbox 339 2519 457 2592; x_wconf 79' lang='grc' dir='ltr'><em>τούτους</em></span> <span class='ocrx_word' id='word_1_133' title='bbox 479 2520 565 2584; x_wconf 90' lang='lat' dir='ltr'>haud</span> <span class='ocrx_word' id='word_1_134' title='bbox 587 2521 691 2585; x_wconf 89' lang='lat' dir='ltr'>levem</span> <span class='ocrx_word' id='word_1_135' title='bbox 718 2519 812 2584; x_wconf 90' lang='lat' dir='ltr'>habet</span> <span class='ocrx_word' id='word_1_136' title='bbox 834 2521 1008 2604; x_wconf 88' lang='lat' dir='ltr'>emphasin.</span> <span class='ocrx_word' id='word_1_137' title='bbox 1028 2521 1134 2585; x_wconf 82' lang='lat' dir='ltr'>Aures</span> <span class='ocrx_word' id='word_1_138' title='bbox 1146 2523 1180 2584; x_wconf 93' lang='lat' dir='ltr'>in</span> <span class='ocrx_word' id='word_1_139' title='bbox 1193 2522 1351 2586; x_wconf 91' lang='lat' dir='ltr'>eiusmodi</span> <span class='ocrx_word' id='word_1_140' title='bbox 1362 2522 1458 2587; x_wconf 91' lang='lat' dir='ltr'>rebus</span> 
     </span>
     <span class='ocr_line' id='line_1_18' title="bbox 344 2634 665 2699; baseline -0.006 0"><span class='ocrx_word' id='word_1_141' title='bbox 344 2634 558 2699; x_wconf 91' lang='lat' dir='ltr'>consulendae</span> <span class='ocrx_word' id='word_1_142' title='bbox 581 2640 665 2698; x_wconf 85' lang='lat' dir='ltr'>sunt.</span> 
     </span>
    </p>

    <p class='ocr_par' dir='ltr' id='par_1_4' title="bbox 342 2747 1465 4425">
     <span class='ocr_line' id='line_1_19' title="bbox 386 2747 1459 2834; baseline 0.001 -23"><span class='ocrx_word' id='word_1_143' title='bbox 386 2748 426 2832; x_wconf 88' lang='lat' dir='ltr'>V,</span> <span class='ocrx_word' id='word_1_144' title='bbox 461 2751 479 2811; x_wconf 84' lang='lat'>5</span> <span class='ocrx_word' id='word_1_145' title='bbox 514 2747 608 2812; x_wconf 87' lang='lat' dir='ltr'>Hanc</span> <span class='ocrx_word' id='word_1_146' title='bbox 642 2749 831 2812; x_wconf 87' lang='lat' dir='ltr'>sententiam</span> <span class='ocrx_word' id='word_1_147' title='bbox 864 2767 905 2812; x_wconf 91' lang='lat' dir='ltr'>ne</span> <span class='ocrx_word' id='word_1_148' title='bbox 934 2749 998 2813; x_wconf 88' lang='lat' dir='ltr'>illis</span> <span class='ocrx_word' id='word_1_149' title='bbox 1031 2750 1158 2832; x_wconf 92' lang='lat' dir='ltr'>quidem</span> <span class='ocrx_word' id='word_1_150' title='bbox 1173 2757 1177 2764; x_wconf 82' lang='lat'>&#39;</span> <span class='ocrx_word' id='word_1_151' title='bbox 1190 2768 1256 2813; x_wconf 94' lang='lat' dir='ltr'>non</span> <span class='ocrx_word' id='word_1_152' title='bbox 1278 2755 1459 2834; x_wconf 89' lang='lat' dir='ltr'>corruptam</span> 
     </span>
     <span class='ocr_line' id='line_1_20' title="bbox 342 2861 1458 2946; baseline 0 -22"><span class='ocrx_word' id='word_1_153' title='bbox 342 2864 444 2927; x_wconf 89' lang='lat' dir='ltr'>videri</span> <span class='ocrx_word' id='word_1_154' title='bbox 478 2862 580 2946; x_wconf 87' lang='lat' dir='ltr'>crede,</span> <span class='ocrx_word' id='word_1_155' title='bbox 616 2863 672 2946; x_wconf 91' lang='lat' dir='ltr'>qni</span> <span class='ocrx_word' id='word_1_156' title='bbox 702 2881 771 2926; x_wconf 88' lang='lat' dir='ltr'>eam</span> <span class='ocrx_word' id='word_1_157' title='bbox 804 2861 972 2927; x_wconf 83' lang='lat' dir='ltr'>defendere</span> <span class='ocrx_word' id='word_1_158' title='bbox 1002 2863 1053 2926; x_wconf 86' lang='lat' dir='ltr'>vel</span> <span class='ocrx_word' id='word_1_159' title='bbox 1077 2863 1237 2946; x_wconf 83' lang='lat' dir='ltr'>explicare</span> <span class='ocrx_word' id='word_1_160' title='bbox 1261 2863 1325 2926; x_wconf 90' lang='lat' dir='ltr'>sint</span> <span class='ocrx_word' id='word_1_161' title='bbox 1347 2863 1458 2925; x_wconf 88' lang='lat' dir='ltr'>eonati.</span> 
     </span>
     <span class='ocr_line' id='line_1_21' title="bbox 342 2974 1459 3060; baseline -0.002 -20"><span class='ocrx_word' id='word_1_162' title='bbox 342 2977 525 3040; x_wconf 91' lang='lat' dir='ltr'>Iucundum</span> <span class='ocrx_word' id='word_1_163' title='bbox 556 2980 605 3040; x_wconf 90' lang='lat' dir='ltr'>est</span> <span class='ocrx_word' id='word_1_164' title='bbox 627 2974 818 3040; x_wconf 84' lang='lat' dir='ltr'>Ki&#39;rhnerum</span> <span class='ocrx_word' id='word_1_165' title='bbox 839 2976 958 3058; x_wconf 86' lang='lat' dir='ltr'>audire,</span> <span class='ocrx_word' id='word_1_166' title='bbox 981 2978 1034 3040; x_wconf 89' lang='lat' dir='ltr'>cui</span> <span class='ocrx_word' id='word_1_167' title='bbox 1059 2977 1243 3060; x_wconf 77' lang='lat' dir='ltr'>,vulgarem</span> <span class='ocrx_word' id='word_1_168' title='bbox 1267 2981 1459 3040; x_wconf 89' lang='lat' dir='ltr'>structuram</span> 
     </span>
     <span class='ocr_line' id='line_1_22' title="bbox 344 3082 1460 3168; baseline 0.002 -17"><span class='ocrx_word' id='word_1_169' title='bbox 344 3082 413 3152; x_wconf 77' lang='grc' dir='ltr'><em>οἶδα</em></span> <span class='ocrx_word' id='word_1_170' title='bbox 443 3088 603 3168; x_wconf 74' lang='grc' dir='ltr'><em>ἀνθρώπους</em></span> <span class='ocrx_word' id='word_1_171' title='bbox 636 3087 702 3159; x_wconf 85' lang='grc' dir='ltr'><em>τοὺς</em></span> <span class='ocrx_word' id='word_1_172' title='bbox 734 3086 788 3159; x_wconf 81' lang='grc' dir='ltr'>μὲν</span> <span class='ocrx_word' id='word_1_173' title='bbox 819 3089 851 3151; x_wconf 83' lang='grc' dir='ltr'>ἐκ</span> <span class='ocrx_word' id='word_1_174' title='bbox 882 3087 1033 3164; x_wconf 73' lang='grc' dir='ltr'><em>διαβολῆς,</em></span> <span class='ocrx_word' id='word_1_175' title='bbox 1058 3087 1124 3159; x_wconf 79' lang='grc' dir='ltr'><em>τοὺς</em></span> <span class='ocrx_word' id='word_1_176' title='bbox 1148 3086 1254 3152; x_wconf 77' lang='grc' dir='ltr'><em>δὲκαὶ</em></span> <span class='ocrx_word' id='word_1_177' title='bbox 1277 3085 1310 3162; x_wconf 79' lang='grc' dir='ltr'>ἕξ</span> <span class='ocrx_word' id='word_1_178' title='bbox 1333 3087 1460 3168; x_wconf 72' lang='grc' dir='ltr'><em>ὑποψίας</em></span> 
     </span>
     <span class='ocr_line' id='line_1_23' title="bbox 343 3200 1462 3282; baseline 0.001 -17"><span class='ocrx_word' id='word_1_179' title='bbox 343 3200 530 3282; x_wconf 79' lang='grc' dir='ltr'><em>Φοβνέέντας</em></span> <span class='ocrx_word' id='word_1_180' title='bbox 554 3202 712 3275; x_wconf 70' lang='grc' dir='ltr'><em>ἀλλήλους,</em></span> <span class='ocrx_word' id='word_1_181' title='bbox 739 3200 853 3280; x_wconf 81' lang='grc' dir='ltr'><em>φάἀσαι</em></span> <span class='ocrx_word' id='word_1_182' title='bbox 877 3200 1134 3278; x_wconf 82' lang='grc' dir='ltr'><em>βουλομένους-</em></span> <span class='ocrx_word' id='word_1_183' title='bbox 1156 3201 1335 3274; x_wconf 69' lang='grc' dir='ltr'><em>ποιήσαντας</em></span> <span class='ocrx_word' id='word_1_184' title='bbox 1354 3202 1462 3268; x_wconf 88' lang='lat' dir='ltr'>Xeno-</span> 
     </span>
     <span class='ocr_line' id='line_1_24' title="bbox 344 3315 1462 3400; baseline 0.001 -22"><span class='ocrx_word' id='word_1_185' title='bbox 344 3316 429 3400; x_wconf 94' lang='lat' dir='ltr'>phon</span> <span class='ocrx_word' id='word_1_186' title='bbox 461 3316 649 3378; x_wconf 89' lang='lat' dir='ltr'>immutasse</span> <span class='ocrx_word' id='word_1_187' title='bbox 678 3315 814 3397; x_wconf 88' lang='lat' dir='ltr'>videtur,</span> <span class='ocrx_word' id='word_1_188' title='bbox 837 3320 874 3378; x_wconf 91' lang='lat' dir='ltr'>ut</span> <span class='ocrx_word' id='word_1_189' title='bbox 904 3317 1142 3399; x_wconf 90' lang='lat' dir='ltr'>participiorum</span> <span class='ocrx_word' id='word_1_190' title='bbox 1166 3335 1342 3380; x_wconf 90' lang='lat' dir='ltr'>concursus</span> <span class='ocrx_word' id='word_1_191' title='bbox 1366 3318 1462 3381; x_wconf 90' lang='lat' dir='ltr'>evita·</span> 
     </span>
     <span class='ocr_line' id='line_1_25' title="bbox 344 3427 1462 3513; baseline 0.003 -21"><span class='ocrx_word' id='word_1_192' title='bbox 344 3428 460 3494; x_wconf 91' lang='lat' dir='ltr'>retur.&#39;’</span> <span class='ocrx_word' id='word_1_193' title='bbox 492 3427 606 3512; x_wconf 87' lang='lat' dir='ltr'>Neque</span> <span class='ocrx_word' id='word_1_194' title='bbox 641 3430 908 3513; x_wconf 85' lang='lat' dir='ltr'>„participiorum</span> <span class='ocrx_word' id='word_1_195' title='bbox 942 3429 1156 3494; x_wconf 88' lang='lat' dir='ltr'>concursum’&#39;</span> <span class='ocrx_word' id='word_1_196' title='bbox 1187 3435 1252 3493; x_wconf 88' lang='lat' dir='ltr'>tam</span> <span class='ocrx_word' id='word_1_197' title='bbox 1280 3432 1377 3494; x_wconf 86' lang='lat' dir='ltr'>anxie</span> <span class='ocrx_word' id='word_1_198' title='bbox 1398 3450 1462 3495; x_wconf 80' lang='lat' dir='ltr'>me</span> 
     </span>
     <span class='ocr_line' id='line_1_26' title="bbox 344 3540 1463 3626; baseline -0.001 -18"><span class='ocrx_word' id='word_1_199' title='bbox 344 3542 454 3608; x_wconf 88' lang='lat' dir='ltr'>tuebat</span> <span class='ocrx_word' id='word_1_200' title='bbox 487 3540 684 3625; x_wconf 88' lang='lat' dir='ltr'>Xenophon:</span> <span class='ocrx_word' id='word_1_201' title='bbox 718 3560 735 3605; x_wconf 93' lang='lat' dir='ltr'>e</span> <span class='ocrx_word' id='word_1_202' title='bbox 768 3542 858 3606; x_wconf 90' lang='lat' dir='ltr'>nullo</span> <span class='ocrx_word' id='word_1_203' title='bbox 882 3543 966 3606; x_wconf 93' lang='lat' dir='ltr'>enim</span> <span class='ocrx_word' id='word_1_204' title='bbox 992 3544 1144 3626; x_wconf 89' lang='lat' dir='ltr'>scriptore</span> <span class='ocrx_word' id='word_1_205' title='bbox 1165 3544 1257 3626; x_wconf 86' lang='lat' dir='ltr'>plura</span> <span class='ocrx_word' id='word_1_206' title='bbox 1280 3543 1463 3608; x_wconf 90' lang='lat' dir='ltr'>huiusmodi</span> 
     </span>
     <span class='ocr_line' id='line_1_27' title="bbox 345 3654 1464 3739; baseline 0 -18"><span class='ocrx_word' id='word_1_207' title='bbox 345 3662 525 3722; x_wconf 86' lang='lat' dir='ltr'>structurae</span> <span class='ocrx_word' id='word_1_208' title='bbox 558 3655 703 3738; x_wconf 80' lang='lat' dir='ltr'>exempla</span> <span class='ocrx_word' id='word_1_209' title='bbox 735 3654 841 3739; x_wconf 83' lang='lat' dir='ltr'>colligi</span> <span class='ocrx_word' id='word_1_210' title='bbox 863 3661 1015 3739; x_wconf 90' lang='lat' dir='ltr'>possunt:</span> <span class='ocrx_word' id='word_1_211' title='bbox 1040 3656 1122 3739; x_wconf 90' lang='lat' dir='ltr'>vide,</span> <span class='ocrx_word' id='word_1_212' title='bbox 1144 3663 1180 3721; x_wconf 91' lang='lat' dir='ltr'>ut</span> <span class='ocrx_word' id='word_1_213' title='bbox 1203 3677 1303 3721; x_wconf 89' lang='lat' dir='ltr'>unum</span> <span class='ocrx_word' id='word_1_214' title='bbox 1328 3657 1464 3739; x_wconf 85' lang='lat' dir='ltr'>afferam,</span> 
     </span>
     <span class='ocr_line' id='line_1_28' title="bbox 345 3767 1463 3854; baseline 0.001 -21"><span class='ocrx_word' id='word_1_215' title='bbox 345 3771 371 3854; x_wconf 86' lang='lat' dir='ltr'>I,</span> <span class='ocrx_word' id='word_1_216' title='bbox 396 3772 424 3852; x_wconf 91' lang='lat' dir='ltr'>l,</span> <span class='ocrx_word' id='word_1_217' title='bbox 449 3772 507 3833; x_wconf 87' lang='lat'>11:</span> <span class='ocrx_word' id='word_1_218' title='bbox 531 3770 568 3841; x_wconf 86' lang='grc' dir='ltr'>ῶς</span> <span class='ocrx_word' id='word_1_219' title='bbox 592 3768 631 3839; x_wconf 78' lang='grc' dir='ltr'>εἷς</span> <span class='ocrx_word' id='word_1_220' title='bbox 657 3767 787 3841; x_wconf 77' lang='grc' dir='ltr'><em>Πισίδας</em></span> <span class='ocrx_word' id='word_1_221' title='bbox 807 3767 982 3846; x_wconf 80' lang='grc' dir='ltr'><em>βουλόμενος</em></span> <span class='ocrx_word' id='word_1_222' title='bbox 1000 3768 1215 3850; x_wconf 75' lang='grc' dir='ltr'><em>στρατεύεσθαι,</em></span> <span class='ocrx_word' id='word_1_223' title='bbox 1237 3772 1273 3842; x_wconf 85' lang='grc' dir='ltr'>ῶς</span> <span class='ocrx_word' id='word_1_224' title='bbox 1294 3769 1463 3851; x_wconf 76' lang='grc' dir='ltr'><em>πράνματα</em></span> 
     </span>
     <span class='ocr_line' id='line_1_29' title="bbox 347 3879 1464 3966; baseline 0.003 -21"><span class='ocrx_word' id='word_1_225' title='bbox 347 3879 533 3962; x_wconf 78' lang='grc' dir='ltr'><em>παρεχόντων</em></span> <span class='ocrx_word' id='word_1_226' title='bbox 557 3883 613 3944; x_wconf 87' lang='grc' dir='ltr'>τῶν</span> <span class='ocrx_word' id='word_1_227' title='bbox 639 3881 762 3945; x_wconf 76' lang='grc' dir='ltr'><em>Πισιδῶν</em></span> <span class='ocrx_word' id='word_1_228' title='bbox 782 3881 862 3952; x_wconf 57' lang='lat' dir='ltr'>aria</span> <span class='ocrx_word' id='word_1_229' title='bbox 882 3901 987 3966; x_wconf 89' lang='lat' dir='ltr'>neque</span> <span class='ocrx_word' id='word_1_230' title='bbox 1005 3889 1068 3947; x_wconf 85' lang='lat' dir='ltr'>tam</span> <span class='ocrx_word' id='word_1_231' title='bbox 1082 3903 1194 3966; x_wconf 88' lang='lat' dir='ltr'>parum</span> <span class='ocrx_word' id='word_1_232' title='bbox 1208 3883 1326 3948; x_wconf 83' lang='lat' dir='ltr'>Graece</span> <span class='ocrx_word' id='word_1_233' title='bbox 1338 3884 1464 3966; x_wconf 84' lang='lat' dir='ltr'>sciebat,</span> 
     </span>
     <span class='ocr_line' id='line_1_30' title="bbox 348 3995 1463 4082; baseline 0.003 -22"><span class='ocrx_word' id='word_1_234' title='bbox 348 4003 394 4078; x_wconf 91' lang='lat' dir='ltr'>ut,</span> <span class='ocrx_word' id='word_1_235' title='bbox 427 4015 468 4060; x_wconf 91' lang='lat' dir='ltr'>ne</span> <span class='ocrx_word' id='word_1_236' title='bbox 503 3996 700 4079; x_wconf 84' lang='lat' dir='ltr'>ineleganter</span> <span class='ocrx_word' id='word_1_237' title='bbox 731 3995 890 4078; x_wconf 87' lang='lat' dir='ltr'>scriberet,</span> <span class='ocrx_word' id='word_1_238' title='bbox 922 3996 1058 4061; x_wconf 90' lang='lat' dir='ltr'>absurde</span> <span class='ocrx_word' id='word_1_239' title='bbox 1090 3997 1248 4062; x_wconf 90' lang='lat' dir='ltr'>scriberet.</span> <span class='ocrx_word' id='word_1_240' title='bbox 1272 3998 1354 4062; x_wconf 88' lang='lat' dir='ltr'>Nam</span> <span class='ocrx_word' id='word_1_241' title='bbox 1379 3999 1463 4082; x_wconf 92' lang='lat' dir='ltr'>quod</span> 
     </span>
     <span class='ocr_line' id='line_1_31' title="bbox 347 4108 1395 4191; baseline 0.003 -18"><span class='ocrx_word' id='word_1_242' title='bbox 347 4110 592 4173; x_wconf 84' lang='lat' dir='ltr'>Bornemannus</span> <span class='ocrx_word' id='word_1_243' title='bbox 623 4128 640 4172; x_wconf 87' lang='lat' dir='ltr'>e</span> <span class='ocrx_word' id='word_1_244' title='bbox 674 4109 692 4190; x_wconf 63' lang='grc' dir='ltr'><strong>ἓ</strong></span> <span class='ocrx_word' id='word_1_245' title='bbox 718 4110 757 4171; x_wconf 87' lang='grc'>21</span> <span class='ocrx_word' id='word_1_246' title='bbox 783 4109 888 4173; x_wconf 83' lang='lat' dir='ltr'>affert:</span> <span class='ocrx_word' id='word_1_247' title='bbox 912 4108 1025 4191; x_wconf 78' lang='grc' dir='ltr'><em>’ἀπόρων</em></span> <span class='ocrx_word' id='word_1_248' title='bbox 1047 4109 1111 4174; x_wconf 72' lang='grc' dir='ltr'><em>ἐστὶ</em></span> <span class='ocrx_word' id='word_1_249' title='bbox 1134 4109 1185 4175; x_wconf 76' lang='grc' dir='ltr'>καὶ</span> <span class='ocrx_word' id='word_1_250' title='bbox 1209 4109 1395 4191; x_wconf 77' lang='grc' dir='ltr'><em>ἀμνχάνοιν.</em></span> 
     </span>
     <span class='ocr_line' id='line_1_32' title="bbox 348 4219 1465 4306; baseline 0.005 -20"><span class='ocrx_word' id='word_1_251' title='bbox 348 4219 454 4295; x_wconf 78' lang='grc' dir='ltr'><em>οἵτινες,</em></span> <span class='ocrx_word' id='word_1_252' title='bbox 480 4223 560 4287; x_wconf 88' lang='lat' dir='ltr'>scire</span> <span class='ocrx_word' id='word_1_253' title='bbox 583 4222 746 4306; x_wconf 85' lang='lat' dir='ltr'>pervelim,</span> <span class='ocrx_word' id='word_1_254' title='bbox 771 4241 865 4305; x_wconf 90' lang='lat' dir='ltr'>quem</span> <span class='ocrx_word' id='word_1_255' title='bbox 894 4224 1135 4304; x_wconf 85' lang='lat' dir='ltr'>„coneursum”</span> <span class='ocrx_word' id='word_1_256' title='bbox 1160 4224 1204 4287; x_wconf 94' lang='lat' dir='ltr'>ibi</span> <span class='ocrx_word' id='word_1_257' title='bbox 1227 4227 1334 4290; x_wconf 84' lang='lat' dir='ltr'>vitarit</span> <span class='ocrx_word' id='word_1_258' title='bbox 1355 4225 1465 4292; x_wconf 89' lang='lat' dir='ltr'>Xeno-</span> 
     </span>
     <span class='ocr_line' id='line_1_33' title="bbox 350 4336 1464 4425; baseline 0.007 -26"><span class='ocrx_word' id='word_1_259' title='bbox 350 4336 451 4423; x_wconf 92' lang='lat' dir='ltr'>phon:</span> <span class='ocrx_word' id='word_1_260' title='bbox 476 4355 541 4399; x_wconf 90' lang='lat' dir='ltr'>non</span> <span class='ocrx_word' id='word_1_261' title='bbox 563 4337 649 4400; x_wconf 91' lang='lat' dir='ltr'>enim</span> <span class='ocrx_word' id='word_1_262' title='bbox 672 4341 776 4420; x_wconf 91' lang='lat' dir='ltr'>potest</span> <span class='ocrx_word' id='word_1_263' title='bbox 797 4336 853 4401; x_wconf 90' lang='lat' dir='ltr'>illa</span> <span class='ocrx_word' id='word_1_264' title='bbox 873 4339 1031 4403; x_wconf 86' lang='lat' dir='ltr'>sententia</span> <span class='ocrx_word' id='word_1_265' title='bbox 1050 4338 1101 4403; x_wconf 86' lang='lat' dir='ltr'>vel</span> <span class='ocrx_word' id='word_1_266' title='bbox 1118 4340 1288 4405; x_wconf 83' lang='lat' dir='ltr'>venustius</span> <span class='ocrx_word' id='word_1_267' title='bbox 1299 4340 1350 4404; x_wconf 80' lang='lat' dir='ltr'>rel</span> <span class='ocrx_word' id='word_1_268' title='bbox 1363 4342 1464 4425; x_wconf 81' lang='lat' dir='ltr'>magis</span> 
     </span>
    </p>
   </div>
   <div class='ocr_carea' id='block_1_3' title="bbox 0 0 1701 5268">
    <p class='ocr_par' dir='ltr' id='par_1_5' title="bbox 0 0 1701 5268">
     <span class='ocr_line' id='line_1_34' title="bbox 0 0 1701 5268; baseline 0 0"><span class='ocrx_word' id='word_1_269' title='bbox 0 0 1701 5268; x_wconf 95' lang='lat' dir='ltr'> </span> 
     </span>
    </p>
   </div>
  </div>
 </body>
</html>
