3330 5262
877 588 941 652 384

345 773 398 840 τῆς
430 766 530 848 χώρας
561 768 690 840 εἰσῆλθον
714 769 753 842 εἷς
777 769 829 843 τῖεν
853 767 944 835 πόλιν.
971 771 1045 836 Non
1069 794 1133 846 που,
1163 778 1197 837 ut
1219 774 1340 858 opinor,
1362 773 1476 857 legen·

346 880 423 945 dum
456 886 513 965 est,
537 882 592 946 sed
615 904 670 946 ποι.
697 882 871 968 Vulgatam
895 885 1065 950 lectionem
1085 884 1125 949 ab
1149 885 1325 950 editoribus
1344 885 1419 950 ferri
1442 889 1477 950 et

347 993 474 1058 defendi
509 996 625 1059 mirum
660 1014 725 1059 non
760 1001 825 1061 est:
860 997 907 1060 illi
941 999 1026 1062 enim
1064 1000 1159 1063 etiam
1193 1000 1476 1082 interpretationes

346 1241 394 1283 ποι
416 1219 584 1300 οέφιγμένος
607 1221 657 1306 (V,
681 1223 709 1305 l,
734 1225 782 1306 2);
807 1222 864 1288 ubi
887 1225 915 1288 si
937 1227 994 1286 τῶν
1019 1222 1111 1298 νήσων
1130 1246 1186 1288 που
1204 1222 1372 1304 ἀφιγμένος
1383 1225 1476 1310 lege-

346 1339 443 1418 retur,
472 1341 620 1420 paratum
652 1341 735 1402 esset
766 1357 886 1402 novum
918 1338 1080 1423 sophisma
1103 1340 1355 1424 grammaticum.
1381 1336 1477 1401 Nihil

346 1448 412 1513 fere
442 1455 499 1532 est,
529 1450 615 1534 quod
645 1450 694 1514 illi
724 1470 789 1515 non
821 1452 991 1516 defendant
1023 1450 1205 1517 annotando
1233 1456 1477 1536 ,praegnanter

347 1563 499 1628 dictum”.

391 1675 433 1758 Π,
468 1677 518 1740 15.
551 1675 740 1764 Mnasippus
775 1681 905 1764 cognito
942 1679 1136 1764 Corcyraeos
1168 1685 1332 1766 tantopere
1363 1682 1477 1764 inopia

347 1788 500 1874 laborare,
527 1795 563 1855 ut
585 1811 626 1856 ne
650 1811 760 1857 servos
785 1793 916 1878 quidem
939 1795 1132 1878 transfugas,
1155 1793 1195 1858 ab
1218 1795 1287 1879 ipso
1311 1795 1477 1877 remissos,

347 1904 383 1966 in
406 1902 518 1967 urbem
542 1906 703 1990 recipiant,
728 1925 868 1990 ergoque
891 1908 1012 1972 multos
1031 1927 1141 1973 eorum
1162 1912 1252 1971 entra
1264 1906 1377 1971 urbem
1388 1907 1478 1971 fame

348 2016 488 2100 interire,
520 2015 633 2097 ἐνόμιζέ
665 2043 699 2082 τε
721 2015 785 2083 ὅσον
807 2020 859 2083 οὐκ
882 2018 936 2094 ἤδη
961 2018 1040 2100 ἔχειν
1063 2019 1116 2093 τὴν
1138 2019 1222 2084 πόλιν
1244 2018 1297 2084 καὶ
1319 2017 1383 2101 περὶ
1406 2019 1479 2094 τοὺς

350 2127 539 2210 μισθοφόρους
571 2129 754 2213 ἐκαινούργει.
787 2132 932 2198 Verbum
964 2139 1140 2214 καινουργεῖν
1167 2134 1206 2199 de
1229 2153 1265 2198 eo
1288 2138 1479 2218 usurpatur,

349 2247 407 2328 qui
436 2265 536 2312 novas
567 2248 663 2332 leges,
686 2268 788 2312 novos
819 2267 932 2332 mores,
956 2267 1041 2314 nova
1063 2251 1210 2313 instituta
1231 2249 1414 2313 introducit.
1441 2248 1478 2312 Is

350 2376 424 2442 ergo
460 2357 523 2439 περὶ
561 2360 743 2442 στρατιώτας
779 2368 955 2442 καινουργεῖν
988 2363 1051 2426 dici
1079 2366 1184 2447 potest
1207 2362 1284 2444 dur,
1308 2363 1365 2445 qui
1387 2381 1477 2426 novo

351 2492 439 2538 more
471 2493 524 2540 eos
555 2481 665 2557 armat,
694 2477 834 2560 instruit,
865 2481 1000 2560 exercet,
1028 2477 1135 2561 qualia
1158 2477 1197 2540 de
1220 2474 1363 2559 Chabria,
1385 2474 1478 2560 Iphi-

350 2594 444 2672 crate,
478 2589 629 2674 Agesilao
663 2589 809 2675 legimus.
845 2590 934 2667 Quae
967 2595 1075 2655 autem
1107 2589 1268 2675 Mnasippi
1301 2590 1363 2654 fuit
1397 2609 1478 2676 erga

350 2705 586 2768 mercennarios
621 2702 810 2783 καινουργῖαῗ
844 2704 1031 2789 Videamus,
1063 2724 1144 2788 quae
1176 2708 1372 2788 sequuntur:
1404 2703 1477 2777 τοὺς

350 2813 405 2893 μέν
438 2839 520 2889 τινας
551 2817 647 2880 αὐτῶν
677 2815 856 2894 ἀπομίσθους
886 2817 1058 2892 ἐπεποιήκει,
1091 2824 1152 2890 τοῖς
1184 2817 1210 2880 δ’
1235 2809 1295 2880 οὖσι
1317 2815 1369 2881 καὶ
1393 2816 1477 2882 δυοῖν

349 2926 402 3002 ἤδη
428 2936 530 3007 μηνοῖν
553 2929 661 3011 ὤφειλε
682 2931 731 2994 τὸν
754 2932 863 3009 μισθόν,
884 2932 933 2996 οὐκ
952 2932 1074 3012 οέπορῶν,
1095 2932 1132 3004 ὥς
1150 2929 1278 3008 ἐλέγετο,
1291 2927 1468 3010 χρημάτων.

350 3043 535 3110 Istiusmodi
557 3051 664 3110 autem
688 3045 915 3130 negligentiam
938 3048 1161 3130 ineuriamque
1184 3064 1201 3110 e
1225 3045 1369 3109 socordia
1391 3045 1474 3108 stul-

350 3164 446 3242 taque
468 3162 649 3245 arrogantia
672 3165 779 3224 natam
803 3160 983 3240 καινουργῖαν
1006 3161 1165 3246 appellare
1187 3159 1363 3225 absurdum
1382 3160 1475 3224 vide-

350 3275 411 3335 tur.
441 3271 706 3339 Emendationem
734 3275 831 3339 huius
862 3275 924 3338 loci
955 3275 1033 3339 mihi
1063 3275 1241 3360 repperisse
1264 3274 1382 3357 videor,
1405 3279 1474 3338 tam

352 3390 470 3449 certam
505 3407 603 3470 quam
633 3390 853 3452 necessariam.
884 3387 1071 3473 Legendum
1103 3389 1190 3452 enim
1221 3393 1270 3452 est
1291 3384 1472 3469 ε’ρρδιούργει,

352 3500 439 3584 quod
472 3505 504 3565 et
531 3501 623 3565 facile
653 3503 687 3565 in
718 3499 891 3581 ἐκαινούργει
923 3501 1009 3566 abire
1039 3503 1143 3587 potuit
1175 3503 1355 3585 (postquam
1384 3501 1472 3564 enim

352 3614 449 3692 semel
472 3634 528 3699 pro
552 3612 769 3695 εῬΑΙΔΙιύργει
792 3615 911 3681 lectum
936 3620 984 3680 est
1002 3611 1219 3694 εῬΑΙΝούργει,
1238 3615 1325 3679 haud
1344 3613 1473 3678 difficile

352 3732 401 3791 est
429 3728 470 3791 ad
498 3728 742 3813 intelligendum
775 3729 914 3814 aliquem
945 3730 978 3793 id
1009 3731 1054 3794 ita
1077 3730 1257 3793 correxisse
1281 3728 1410 3810 scilicet,
1432 3732 1472 3791 ut

352 3839 523 3921 ἐκαινούργει
553 3843 724 3927 scriberet),
756 3850 786 3909 et
816 3844 892 3908 huic
922 3845 993 3908 loco
1025 3846 1390 3910 accommodatissimum
1413 3848 1470 3907 est.

354 3952 541 4020 Conferatur
564 3958 649 4021 enim
673 3957 786 4042 Cyrop.
809 3957 834 4040 I,
859 3957 888 4041 6,
913 3960 949 4021 8;
974 3957 1031 4034 ἐγὼ
1054 3956 1085 4020 δὲ
1109 3952 1190 4036 οἶμαι
1213 3957 1261 4022 τὸν
1283 3956 1415 4038 ἄρχοντα
1437 3956 1469 4019 οὐ

352 4067 393 4146 τῷ
415 4068 584 4150 ῥᾳδιουργεῖν
608 4077 714 4152 χρῆναι
737 4068 881 4152 διαφέρειν
905 4073 960 4134 τῶν
982 4069 1162 4150 ἐρχομένων,
1182 4069 1267 4136 riarde
1287 4071 1327 4151 τῷ
1347 4077 1471 4152 προνοεῖν

353 4179 405 4244 καῖ
428 4187 596 4262 φιλοπονεῖν
619 4185 857 4265 προθυμούμενον.

398 4294 440 4380 H,
471 4299 521 4362 28.
551 4298 726 4384 iphicrates
756 4320 797 4365 ex
828 4320 892 4386 quo
915 4299 1175 4385 Peloponnesum
1199 4300 1471 4384 circumnavigare
