3330 5262
758 599 820 664 311

223 786 346 850 ῖππεῖισι
376 789 542 867 exspectes
573 786 697 867 potius3
723 788 772 850 sin
797 786 964 867 Eleusini,
989 805 1054 850 non
1077 794 1214 870 apparet,
1238 790 1352 874 quidni

225 899 332 960 statim
356 897 466 962 eodem
487 902 656 981 praetextu
677 900 821 963 omnium
841 899 1082 964 Eleusiniorum
1100 900 1155 964 fiat
1168 900 1352 970 recensus.”

224 1009 269 1072 At
301 1010 376 1073 iude
412 1029 430 1072 a
464 1007 631 1090 Φάσκοντες
668 1011 768 1094 (qnod
799 1013 1004 1096 participium
1028 1032 1101 1076 cum
1126 1011 1254 1078 ἐκέλευον
1277 1015 1351 1082 iun-

165 1148 168 1154 ·
223 1123 365 1206 gendum
398 1126 457 1206 est)
489 1124 588 1188 altera
611 1145 685 1208 pars
708 1128 901 1189 narrationis
924 1127 1044 1210 incipit.
1068 1126 1215 1190 Primum
1238 1129 1351 1213 trigin-

223 1227 318 1299 taviri
349 1232 482 1308 ἐξέτασιν
513 1234 650 1309 έποίιρσαν
687 1237 970 1310 {trainiacensem
995 1258 1096 1323 eaque
1117 1258 1153 1303 re
1175 1239 1266 1305 finita
1288 1239 1350 1304 ἐκέ-

221 1362 302 1410 λενον
325 1346 553 1427 άπομράφεσθαι
576 1346 693 1420 πάντας
719 1348 782 1434 (sc.
796 1347 1025 1434 Ἐλευσινίους),
1039 1370 1169 1435 quoque
1181 1357 1349 1435 praetextu

221 1461 302 1526 illud
345 1463 499 1525 iusserint
539 1461 668 1525 additur
708 1461 815 1526 verbis
858 1460 1347 1544 Φάσκοντες....προςδεάσοιντο.

221 1573 288 1637 Iam
320 1573 349 1636 έν
381 1579 442 1644 τοῖς
466 1572 585 1636 ἱππεῦσι
609 1575 732 1638 dudum
756 1580 842 1640 recte
863 1576 1066 1640 illustrarunt
1090 1579 1153 1641 viri
1176 1577 1259 1644 docti
1284 1578 1348 1642 col-

219 1686 283 1750 lato
313 1686 383 1750 loco
407 1705 448 1750 ex
471 1687 615 1751 Anabasi
640 1686 692 1769 (V,
717 1689 746 1770 3,
771 1691 811 1770 3),
836 1688 894 1754 ubi
916 1689 1050 1772 legitur:
1075 1685 1209 1761 ἐξέτασις
1231 1690 1260 1754 έν
1283 1696 1346 1760 τοῖς

220 1795 318 1869 ἱπλοις
352 1797 476 1876 ἐγένετο.
508 1785 598 1865 Idem
624 1807 672 1865 est
694 1797 828 1874 ἐξέτασιν
850 1807 940 1864 ποιεῖν
963 1802 992 1864 έν
1015 1807 1077 1872 τοῖς
1100 1797 1208 1872 ὅπλοις,
1232 1801 1262 1866 ἐν
1285 1808 1347 1874 τοῖς

220 1911 355 1974 ἱππεῦσιν
387 1912 473 1996 quod
496 1914 518 1976 έ.
533 1936 568 1977 π.
590 1916 646 1976 τῶν
670 1913 805 1986 ὁπλιτῶν,
829 1916 885 1976 τοῖν
908 1912 1026 1976 ἱππέων.
1054 1913 1120 1977 Gur
1140 1919 1248 1980 autem
1274 1935 1349 1982 suo·

219 2045 291 2088 rum
315 2027 461 2108 equiturn
484 2045 653 2090 recensum
677 2029 800 2110 egerint
823 2017 963 2108 tyranni
987 2046 1027 2091 ne
1049 2028 1110 2091 hoc
1135 2028 1267 2110 quidem
1291 2029 1346 2092 ob·

219 2159 351 2203 scutum
374 2144 439 2204 cst:
462 2140 613 2204 volebant
636 2142 722 2204 enim
745 2141 817 2204 illos
841 2145 968 2224 paratos
987 2159 1058 2204 esse
1077 2142 1105 2204 si
1125 2141 1214 2224 forte,
1233 2141 1346 2207 fraude

218 2252 381 2335 patefacta,
404 2254 565 2317 tumultus
589 2255 734 2318 oriretur.

261 2364 319 2447 IV,
344 2365 394 2429 13.
417 2364 501 2428 άλλέι
520 2369 567 2428 νῦν
587 2388 630 2428 τοι
649 2363 908 2446 παραγεγένηνται
926 2359 955 2429 οἱ
970 2359 1043 2430 οὗτοι
1063 2365 1118 2441 μὲν
1130 2362 1234 2429 οὔποτε
1246 2367 1342 2446 ᾤοντο,

217 2479 301 2554 ἡμεῖς
336 2477 368 2541 δὲ
400 2476 448 2540 οἱεὶ
481 2475 645 2556 εὐχόμεθα·
673 2475 794 2556 ἔχοντες
824 2476 882 2558 γάρ
912 2475 993 2541 ὅπλα
1016 2478 1137 2542 ἐναντίοι
1160 2479 1215 2556 μέν
1239 2480 1344 2551 αὐτοῖς

216 2588 411 2666 καθέσταμεν.
440 2589 639 2667 Quantccius
660 2592 840 2675 expellatur
852 2592 1008 2675 particula
1019 2589 1084 2675 μέν,
1096 2612 1192 2676 quam
1205 2594 1342 2658 inseruit

216 2702 343 2786 aliquis,
374 2708 410 2767 ut
440 2701 472 2767 δέ
506 2703 560 2787 (in
591 2703 615 2766 οἱ
638 2703 669 2766 δὲ
693 2702 766 2788 θεοί)
793 2724 889 2768 suum
914 2703 976 2768 sibi
999 2706 1182 2788 oppositum
1205 2704 1343 2770 haberet.

260 2815 317 2898 IV,
349 2818 400 2878 15.
435 2813 487 2880 καὶ
520 2821 570 2879 νῦν
602 2815 634 2879 δὲ
658 2815 845 2893 κεκομίκασιν
868 2815 950 2893 ἡμεῖς
973 2816 1014 2887 εἱς
1035 2815 1148 2895 χωρίον,
1171 2816 1200 2879 έν
1224 2808 1245 2894 ᾧ
1268 2810 1344 2880 οὗτοι

216 2927 272 3004 μέν
295 2926 360 2992 οὔτε
382 2926 507 3005 βάλλειν
531 2927 596 2992 οὔτε
618 2926 776 3007 ἀκοντίζειν
800 2928 868 3004 ὑπὲρ
893 2931 948 2991 τῶν
972 2926 1215 3009 προτεταγμένων
1239 2925 1287 2992 διά
1310 2928 1343 2994 τὸ

216 3040 284 3120 πρὸς
318 3038 403 3120 ὄρθιον
434 3023 507 3104 ἱεναι
539 3039 664 3104 δύναιντ’
700 3039 745 3114 άν,
771 3042 858 3117 ἡμεῖς
882 3041 913 3106 δὲ
935 3040 995 3104 ari.
1022 3040 1135 3104 Omnis
1159 3041 1257 3106 huius
1279 3041 1343 3105 loci

216 3156 265 3218 vis
296 3155 418 3218 tollitur
450 3154 566 3218 additis
588 3153 696 3218 verbis
717 3150 764 3215 διά
788 3152 820 3217 τὸ
844 3152 913 3232 πρὸς
936 3150 1020 3232 ὄρθιον
1043 3150 1123 3224 ίεναι,
1148 3172 1231 3236 quae
1253 3174 1342 3237 pror·

215 3287 271 3332 sus
295 3285 532 3350 supervacanea
555 3272 639 3330 sunt.
663 3265 766 3330 Nemo
790 3267 877 3330 enim
898 3271 963 3328 tam
984 3266 1133 3349 stupidus
1146 3285 1216 3330 esse
1227 3271 1342 3350 potest,

214 3381 272 3462 qui
294 3399 359 3443 non
382 3398 424 3442 ex
446 3380 516 3462 ipsa
538 3381 720 3442 narratione
743 3378 910 3461 intelligat,
934 3397 1034 3462 quare
1053 3379 1109 3460 illi,
1128 3381 1184 3462 qui
1204 3378 1341 3462 Thrasy·

213 3491 289 3556 bulo
323 3496 401 3554 sunt
435 3492 570 3574 oppositi
604 3509 669 3554 non
705 3490 829 3573 possint
858 3488 1017 3569 άκοντίζειν
1049 3489 1118 3571 ὑπὲρ
1149 3493 1204 3553 τῶν
1236 3513 1340 3572 προτε-

212 3601 379 3681 ταγμένοιν.

255 3716 313 3798 IV,
337 3716 387 3778 16.
410 3714 491 3780 Tum
515 3717 560 3779 ita
580 3717 684 3798 pergit
704 3716 940 3798 Thrasybulus:
954 3718 1042 3793 ἡμεῖς
1055 3693 1085 3779 δέ
1098 3716 1137 3788 εἱς
1148 3716 1181 3779 τὸ
1193 3714 1340 3788 κνίσαντες

210 3829 262 3893 καί
286 3828 394 3906 δόρατα
417 3827 555 3908 άφιέντες
578 3826 630 3892 καὶ
653 3827 774 3892 άκέντια
796 3827 848 3892 καὶ
872 3828 991 3908 πέτρους
1013 3824 1168 3906 ἐξιξόμεθά
1187 3851 1221 3890 τε
1241 3829 1337 3892 αὐτῶν

210 3941 262 4004 καὶ
294 3940 420 4012 πολλοὺς
450 3940 687 4020 κατατρώσομεν.
710 3940 847 4024 Egregie
871 3961 947 4025 ergo
970 3941 1087 4006 milites
1110 3942 1219 4005 docuit
1241 3942 1338 4009 Thra·

209 4055 347 4136 sybulus
369 4057 512 4139 ipsorum
540 4073 638 4137 quam
660 4054 802 4117 hostium
824 4053 925 4117 multo
946 4054 1108 4117 meliorem
1122 4053 1338 4118 conditionem

208 4187 287 4250 esse,
321 4168 380 4232 hos
414 4169 499 4231 enim
535 4167 574 4230 de
608 4165 767 4248 inferiore,
798 4168 885 4249 ipsos
917 4167 956 4230 de
987 4167 1150 4249 superiore
1172 4166 1242 4229 looo
1266 4185 1336 4234 esse

208 4286 418 4366 pugnaturos,
441 4285 472 4343 et
497 4297 596 4363 quare
619 4278 680 4341 hcc
704 4297 801 4360 quam
824 4277 906 4340 illud
929 4278 969 4341 ad
988 4279 1155 4341 victoriam
1174 4282 1337 4361 reportan-
