3330 5262
857 625 922 691 344

328 831 523 897 quamquam
560 831 635 896 ergo
667 811 815 896 Spartani
845 813 996 896 privatim
1027 809 1122 874 amici
1145 812 1221 872 sunt
1243 804 1452 894 Pharnabazi,

326 929 445 1009 tamen,
475 926 552 1010 quia
575 943 661 990 unus
685 926 715 990 is
737 930 786 990 est
808 944 827 990 e
848 923 947 1009 Regis
971 923 1115 1008 satrapis,
1138 940 1204 987 non
1228 924 1366 1005 possunt
1387 920 1453 1004 pri·

327 1042 434 1102 vatam
459 1057 552 1103 suam
574 1037 749 1101 amicitiam
770 1035 920 1121 publicae
942 1053 1059 1100 causae
1082 1039 1284 1118 anteponere.

371 1149 398 1232 Ι,
421 1150 472 1213 39.
495 1146 509 1212 ὃ
532 1149 564 1212 ἐκ
587 1147 767 1229 Παραπίτας
790 1147 848 1222 οἷὸς
870 1149 961 1213 αὑτοῦ
985 1147 1207 1230 (Pharnabazi)
1230 1145 1322 1217 καλὸς
1341 1143 1383 1208 ἔτι
1404 1144 1450 1208 ὤν.

326 1259 513 1326 Ridiculum
536 1261 664 1326 videtur
684 1260 774 1326 istud
796 1257 848 1334 ἔτι,
874 1262 931 1326 sed
954 1262 1040 1326 unde
1063 1266 1175 1325 natum
1201 1260 1243 1325 sit
1265 1278 1329 1323 non
1350 1259 1452 1324 video.

373 1373 475 1459 Caput
495 1374 538 1458 II,
563 1375 590 1438 7.
614 1373 654 1438 In
677 1373 898 1440 Chersonneso
920 1375 1094 1459 Agesilaus
1117 1379 1280 1438 certamen
1303 1373 1453 1456 instituit,

328 1487 415 1572 quod
444 1493 617 1572 antequam
644 1507 678 1553 se
699 1489 736 1551 in
758 1490 844 1553 viam
867 1488 957 1553 daret
979 1487 1150 1570 indixerat,
1172 1489 1257 1552 inter
1280 1487 1378 1551 duces
1401 1505 1453 1550 co-

326 1602 453 1686 piarum
483 1622 502 1664 a
531 1602 626 1666 sociis
657 1601 809 1665 Asiaticis
840 1603 1021 1686 missarum,
1053 1601 1334 1682 mercenariorum,
1362 1601 1454 1684 equi-

327 1719 407 1797 tum,
427 1710 505 1784 ὅστις
525 1712 723 1786 εὐιπποτάτην
743 1711 795 1778 καὶ
815 1711 1016 1786 εὐοπλοτάτην
1028 1709 1113 1788 τάξον
1125 1711 1293 1794 παρέχοιτο.
1308 1712 1455 1780 Praemia

327 1828 362 1890 in
381 1845 418 1892 eo
438 1827 611 1890 certamine
630 1826 755 1892 decreta
771 1845 838 1890 non
856 1829 964 1892 minus
977 1847 1074 1911 quam
1087 1831 1227 1910 quatuor
1238 1827 1365 1891 talentis
1378 1846 1455 1892 oon·

329 1938 463 2004 stabant
482 1936 623 2002 τοσούτων
642 1936 742 2015 μέντοι
760 1937 976 2012 ἀναλωθέντων,
993 1939 1184 2017 παμπόλλων
1195 1936 1361 2019 χρημάτων
1373 1937 1455 2005 ὅπλα

329 2051 368 2124 εἷς
390 2049 444 2124 τὴν
467 2049 607 2132 στρατωὶν
630 2049 859 2125 κατεσκευάσθη.
884 2051 991 2117 Verba
1009 2050 1151 2116 τοσούτων
1172 2090 1214 2100 -
1234 2050 1454 2127 κατεσκευάσθη

328 2165 427 2230 variis
454 2165 559 2229 modis
582 2166 742 2249 explicare
766 2166 872 2230 conati
896 2171 974 2230 sunt
995 2167 1057 2229 viri
1081 2166 1173 2250 docti,
1198 2166 1254 2230 sed
1277 2165 1389 2230 nullus
1412 2185 1457 2232 ex

329 2279 370 2343 iis
399 2297 515 2343 sensus
545 2279 623 2344 satis
651 2283 747 2362 aptus
777 2279 848 2343 elici
870 2298 965 2363 posse
987 2279 1123 2345 videtur.
1146 2277 1325 2344 Levissima
1347 2285 1456 2344 nmen

330 2391 551 2456 emendatione
573 2391 617 2455 ita
640 2393 756 2476 corrigi
779 2397 924 2476 possunt,
948 2398 986 2458 ut
1008 2394 1199 2458 sententiam
1218 2392 1391 2477 praebeant
1408 2396 1457 2459 rei

330 2506 570 2588 narrationique
592 2505 836 2570 accomodatam.
855 2504 1043 2590 Legendum
1064 2509 1150 2572 enim
1171 2511 1219 2572 est
1236 2504 1456 2570 κατεσκεύαστο

329 2637 387 2702 pro
410 2615 648 2690 νασεσκενοὶονηε
676 2637 768 2699 „non
791 2623 898 2684 tamen
921 2619 1041 2685 frustra
1059 2638 1096 2684 ea
1117 2638 1260 2703 expensa
1279 2624 1457 2703 eratpeou·

329 2733 393 2815 nia,
425 2731 481 2796 sed
511 2731 609 2796 simul
635 2731 695 2795 hoo
717 2735 787 2795 arat
808 2731 948 2811 affectam
971 2737 1008 2796 ut
1032 2751 1165 2816 magnae
1188 2734 1344 2817 pecuniae
1367 2753 1458 2798 arma

330 2845 487 2910 exercitui
516 2843 735 2928 pararentur''.
765 2844 892 2909 Etenim
925 2846 1023 2910 duces
1051 2845 1108 2928 illi,
1130 2845 1237 2911 laudis
1259 2847 1458 2930 honorisque

331 2959 448 3042 cupidi,
471 2977 531 3022 sna
552 2960 690 3042 pecunia
712 2959 820 3042 copias
844 2978 919 3022 suas
944 2964 1153 3024 armaverant.

374 3071 416 3154 H,
459 3072 510 3134 21.
552 3069 623 3147 Quo
657 3072 759 3155 magis
793 3070 873 3134 fiant
906 3073 1075 3155 perspicua
1109 3069 1265 3136 vocabula
1298 3071 1458 3155 quaedam

330 3186 465 3249 huiusce
497 3184 569 3266 loci,
601 3184 734 3248 dicenda
766 3183 922 3248 nonnulla
954 3189 1032 3248 sunt
1064 3184 1104 3250 de
1134 3189 1200 3249 toto
1230 3184 1272 3249 ad
1301 3179 1458 3249 Nemeam

330 3298 461 3382 proelio.
487 3296 602 3381 Copiae
625 3299 670 3362 ita
696 3301 786 3361 erant
809 3297 1000 3380 dispositae:

280 3506 422 3558 Dexterum
438 3513 520 3550 cornu

328 3595 541 3821 Q!
560 3593 773 3815 m
828 3674 906 3725 ceteri
929 3673 1116 3740 Spartanorum
1141 3673 1202 3725 socii
1257 3435 1652 3870 OE,

469 3956 640 4006 Athenienses
743 3911 1002 4133 Q
1024 3911 1235 4136 Q
1257 3909 1472 4134 Q

359 3920 522 4136 lsexphylae
548 4045 661 4106 quatuor
670 4039 763 4104 phylae

282 4158 424 4212 Sinistrum
440 4173 522 4210 cornu
1256 4153 1400 4205 Dexterum
1417 4168 1511 4205 cornu.

378 4325 444 4390 Ubi
478 4344 593 4388 manus
627 4327 867 4406 conseruerunt,
902 4339 1014 4385 omnes
1049 4319 1278 4405 Spartanorum
1309 4323 1388 4386 socii
1420 4321 1461 4387 ab
