3354 5268
552 1699 718 1774 CAPUT
744 1698 1005 1788 QUARTUM.

412 1924 455 1990 tte
480 1923 553 1990 arte
578 1922 701 1990 critica
724 1922 754 1990 in
778 1922 922 1991 Anahasi
947 1921 1144 1990 exercenda.

466 2447 506 2490 AD
530 2447 706 2491 NONNULLOS
730 2446 823 2490 Locos
846 2447 1079 2491 annornmonus

256 2639 409 2702 Plurimis
428 2640 626 2722 inquinatam
646 2639 732 2701 vitiis
752 2637 915 2701 Anabasin
936 2657 1005 2702 esse
1017 2637 1082 2702 fere
1094 2640 1178 2702 inter
1192 2640 1329 2704 editores

208 2758 353 2824 constat:
389 2753 506 2834 sensim
539 2753 623 2815 enim
651 2752 850 2834 recipiuntur
876 2757 979 2815 oertae
1002 2771 1160 2835 veraeque
1183 2752 1330 2816 emenda-

211 2868 322 2948 tiones,
345 2886 480 2949 quarnm
504 2865 675 2928 maximam
699 2865 821 2947 copiam
845 2869 953 2929 nostra
977 2870 1077 2928 aetate
1100 2866 1204 2928 etalii
1226 2868 1330 2930 eritioi
1350 2847 1352 2854 ⁵

211 2979 395 3059 attuierunt,
418 2984 449 3042 et
480 2997 555 3064 prae
578 2978 689 3041 ceteris
714 2975 860 3059 Cobetus,
884 2979 948 3061 qui,
974 2998 1075 3061 quum
1098 2997 1209 3042 omnes
1231 2980 1329 3063 sorip·

210 3099 292 3156 tores
315 3097 487 3175 poetasque
511 3090 648 3153 Graecos
672 3090 862 3153 mendorum
883 3091 1328 3174 interpolationumqueomni

209 3225 325 3290 genere
354 3207 504 3288 purgarit,
527 3210 630 3267 tamen
663 3205 770 3267 neseio
794 3224 834 3267 an
862 3207 895 3267 in
919 3204 1008 3268 nullo
1033 3204 1114 3269 libro
1137 3205 1261 3270 felicius
1287 3208 1328 3272 sit

209 3326 363 3402 versatus,
398 3339 494 3403 quam
527 3320 562 3381 in
592 3319 782 3382 suavissima
813 3317 1037 3402 Xenophontis
1072 3320 1111 3383 de
1141 3321 1209 3383 suis
1232 3319 1328 3384 rebus

208 3423 305 3518 gestis
336 3434 523 3496 narratione.
550 3431 589 3494 In
614 3451 650 3495 eo
674 3433 758 3494 enim
783 3432 889 3496 libello
914 3433 1112 3496 emendando
1137 3435 1177 3497 iis
1201 3435 1327 3497 virtuti-

208 3548 269 3612 bus
293 3567 373 3631 opns
396 3553 452 3626 est,
476 3565 557 3628 quae
580 3547 615 3608 in
639 3544 754 3609 Cobeto
779 3553 855 3610 sunt
879 3566 1040 3637 summae:
1062 3549 1141 3610 mira
1162 3549 1326 3631 sagacitas,

207 3664 320 3744 ingens
344 3660 506 3723 literarum
531 3658 723 3722 Graecarum
744 3661 865 3742 notitia,
886 3659 1028 3723 sobrium
1054 3661 1326 3742 sanumqueiudi·

207 3776 303 3855 oium,
325 3780 365 3854 et,
391 3773 476 3856 quod
499 3774 676 3835 maximum
701 3779 757 3854 est,
780 3773 906 3856 pulchri
931 3775 1061 3856 verique
1081 3792 1195 3836 sensus
1216 3779 1322 3837 certus

206 3886 401 3970 stabilisque,
425 3885 463 3948 ab
487 3887 573 3948 omni
595 3884 786 3967 ἀπειροκαλίᾳ
809 3887 1032 3950 alienissimus.
1054 3886 1137 3949 Nam
1158 3886 1236 3969 quid
1257 3906 1325 3950 eor-

206 4006 344 4085 ruptum,
368 3999 445 4082 quid
475 3998 647 4082 legendum
670 4000 720 4078 sit,
745 4020 845 4082 quum
869 4001 902 4062 in
926 3999 1076 4063 omnibus
1100 3998 1324 4083 Xenophontis

167 4139 169 4144 ⁸
205 4114 304 4195 tibris,
335 4119 405 4176 tum
438 4115 472 4175 in
502 4111 644 4176 Anabasi
675 4111 726 4174 vei
749 4115 898 4194 maxime,
922 4114 1060 4189 critious,
1083 4113 1123 4175 ab
1148 4115 1234 4176 omni
1258 4113 1323 4178 fere

205 4234 336 4292 externa
360 4247 418 4310 ope
443 4227 625 4307 destitutus,
644 4227 712 4309 ipse
738 4246 797 4290 suo
817 4227 934 4290 iudicio
957 4232 1095 4291 statuere
1108 4226 1208 4309 debet,
1221 4247 1322 4312 eaque

206 4361 257 4406 res
289 4340 398 4405 Cobeti
426 4342 555 4425 ingenio
587 4346 654 4405 tute
677 4342 818 4424 permitti
842 4342 1061 4424 committique
1083 4345 1196 4425 potest.
1220 4341 1321 4405 Nemo
