3348 5262
765 610 830 675 219

236 800 298 880 tur,
333 796 389 862 sed
422 797 516 861 etiam
547 815 712 860 summum
741 798 849 861 virum
872 797 913 860 ad
936 816 971 862 se
995 816 1152 883 suamque
1174 819 1359 865 mensuram

236 912 445 993 detraherent,
477 929 617 995 eumque
644 929 722 976 suae
745 911 899 976 stultitiae
922 916 954 975 et
974 911 1200 978 imbecillitatis
1223 914 1359 978 maculis

235 1028 447 1108 aspergerent.
488 1023 657 1108 Ingentem
694 1023 809 1088 deinde
843 1023 989 1088 locorum
1022 1044 1195 1090 numerum
1230 1027 1359 1108 indicat,

234 1137 455 1221 neglectorum
488 1142 590 1220 antea,
620 1136 679 1201 ubi
708 1137 795 1202 haud
825 1136 921 1201 dubie
944 1137 1026 1202 illud
1048 1138 1192 1204 Platonis
1215 1130 1361 1204 studium

235 1251 373 1315 alicuius
404 1248 578 1315 adversarii
609 1251 793 1335 exagitandi
822 1256 980 1334 cernatur,
1010 1271 1186 1337 omnesque
1215 1253 1358 1318 Platonis

235 1363 376 1448 dialogos
407 1364 499 1428 docet
527 1384 594 1428 non
624 1365 729 1428 solum
762 1364 834 1429 ideo
857 1366 992 1449 scriptos
1015 1384 1094 1448 esse,
1117 1372 1154 1432 ut
1178 1385 1260 1450 quae
1283 1386 1359 1431 vera

234 1482 319 1541 esset
347 1477 549 1561 philosophia
571 1475 731 1542 Socratica
754 1482 927 1561 appareret,
953 1478 1128 1543 sedetiam
1154 1479 1252 1544 simul
1274 1455 1358 1544 alius

233 1589 428 1654 refutaretur
451 1590 595 1674 scriptor,
619 1591 676 1673 qui
698 1589 860 1656 Socratem
885 1597 942 1656 aut
962 1592 1046 1656 male
1068 1597 1124 1655 aut
1142 1611 1274 1676 prorsus
1293 1611 1359 1656 101

232 1703 460 1783 intellexisset;
492 1703 527 1766 in
558 1703 680 1787 illoque
701 1702 785 1768 bello
808 1704 948 1788 gerendo
971 1706 1076 1788 specie
1099 1706 1228 1789 quidem
1253 1705 1358 1770 lenem

234 1835 305 1881 esse
327 1821 359 1880 et
382 1815 542 1879 urbanum
567 1815 743 1898 Platonem,
765 1835 877 1880 revera
899 1821 1007 1881 tamen
1031 1816 1283 1900 acerbissimum,
1306 1819 1359 1882 cui
1481 1815 1482 1818 ’

235 1929 317 1992 nihil
345 1929 454 2013 potius
486 1931 527 1992 sit
558 1949 655 2012 quam
686 1930 904 1994 adversarium
928 1949 1024 1994 suum
1047 1929 1194 1994 funditus
1217 1935 1359 1995 evertere

235 2047 331 2125 atque
354 2041 519 2106 conficere.
543 2041 632 2118 Quae
656 2043 763 2106 omnia
786 2063 889 2126 quum
910 2044 986 2108 satis
1006 2042 1211 2127 probabiliter
1228 2045 1358 2108 demon-

131 2180 140 2196 ·
234 2155 343 2218 strarit
375 2154 638 2237 Teichmiillerus,
671 2159 780 2219 tamen
812 2157 920 2220 nescio
951 2175 993 2219 11
1025 2155 1064 2219 (10
1094 2156 1184 2220 nullo
1214 2156 1358 2221 Platonis

234 2268 358 2352 dialogo
392 2270 512 2332 rectius
541 2269 586 2331 ita
615 2268 773 2350 iudicarit,
796 2288 893 2351 quam
917 2267 957 2333 de
981 2267 1143 2332 convivio.
1167 2267 1248 2344 Quis
1271 2271 1356 2334 euim

235 2386 380 2447 accurate
403 2381 608 2446 Platonicum
630 2380 823 2445 Convivium
845 2381 954 2466 legens
977 2386 1103 2446 etcum
1122 2381 1357 2466 Xenophonteo

234 2515 424 2578 comparans
451 2515 518 2558 uon
542 2496 655 2578 quavis
677 2494 744 2559 fere
766 2497 883 2578 pagina
906 2496 1011 2578 sentit,
1034 2495 1117 2559 illud
1140 2497 1355 2580 conscriptum

234 2627 304 2673 esse
336 2608 375 2672 ab
410 2627 457 2691 eo,
489 2609 547 2691 qui
579 2627 654 2672 cum
685 2627 813 2672 summa
841 2608 1061 2691 indignatione
1092 2611 1285 2692 cognoverit,
1315 2609 1355 2673 ab

232 2722 362 2786 homine
395 2721 504 2805 aliquo
539 2721 578 2785 de
612 2721 704 2804 plebe
735 2721 911 2786 scurriliter
940 2726 1115 2804 ungentem
1137 2722 1172 2784 in
1194 2723 1355 2806 quoddam

234 2838 418 2901 convivium
449 2836 668 2900 introductum
687 2855 768 2928 esse
798 2835 969 2918 Socratem,
992 2855 1088 2919 quem
1120 2855 1214 2900 nemo
1238 2838 1301 2900 nisi
1325 2844 1357 2901 et

232 2953 301 3034 ipse
326 2951 436 3014 divina
456 2951 497 3015 sit
516 2950 624 3014 indole
644 2950 806 3033 praeditus
818 2949 1004 3032 intelligere,
1017 2953 1222 3032 ettamquam
1235 2955 1356 3033 patrem

235 3083 379 3128 summae
411 3063 620 3147 caelestisque
650 3062 867 3146 philosophiae
889 3062 1060 3125 admiranti
1083 3062 1224 3126 humano
1247 3066 1357 3146 generi

235 3197 412 3262 proponere
434 3177 562 3261 possit?
585 3176 776 3242 sentiuntur
798 3181 905 3239 autem
928 3175 1087 3240 eiusmodi
1109 3195 1177 3256 res3
1198 3176 1358 3260 lectorem,

233 3292 291 3374 qui
313 3310 377 3354 non
401 3292 527 3371 sentiat,
549 3308 643 3353 nemo
667 3290 858 3353 convincere
879 3289 1003 3372 poterit.
1024 3286 1109 3363 Quid
1130 3289 1169 3352 de
1189 3291 1358 3373 utriusque

235 3405 382 3469 Convivii
404 3410 545 3487 tempore
568 3422 724 3485 censeam,
746 3404 810 3465 iam
835 3403 912 3466 satis
937 3421 978 3466 ex
1000 3403 1050 3484 iis,
1070 3421 1152 3486 quae
1172 3403 1249 3485 dixi,
1262 3423 1357 3487 appa·

234 3522 291 3598 ret,
313 3519 456 3599 satisque
478 3515 570 3580 firma
593 3520 783 3600 argumenta
802 3533 853 3578 me
873 3515 1223 3598 afferreposseopinor,
1236 3515 1356 3599 quibus

232 3631 424 3695 sententiam
447 3648 551 3693 meam
574 3629 751 3693 defendam.

280 3741 378 3806 Credo
406 3761 481 3826 ergo
503 3741 728 3825 Xenophontis
753 3739 943 3804 Conuiuium
969 3745 1041 3804 ante
1064 3740 1267 3803 Platonicum
1291 3741 1356 3804 edi-

234 3861 304 3920 tum
340 3873 419 3937 esse,
448 3854 680 3938 Platonemque
711 3873 806 3918 suum
838 3852 957 3916 librum
989 3853 1164 3936 scripsisse,
1187 3860 1224 3916 ut
1247 3851 1356 3916 Xeno-

234 3968 386 4052 phontem
419 3967 580 4050 refutaret,
612 3967 777 4048 derideret,
807 3967 842 4029 iu
873 3966 1056 4049 aequalium
1088 3967 1355 4048 contemptionem

235 4081 413 4145 adduceret.

279 4194 342 4259 Sed
372 4198 546 4278 antequam
575 4213 634 4258 cur
662 4196 708 4258 ita
730 4192 857 4257 credam
879 4210 1047 4275 exponam,
1071 4191 1251 4275 significare
1273 4192 1356 4275 volo,

236 4308 386 4371 mesatis
409 4308 518 4370 mirari
542 4326 609 4371 101
630 4325 733 4390 posse,
757 4305 969 4369 clarissimum
989 4305 1096 4368 virum
1117 4303 1270 4369 Groteum
1290 4323 1356 4368 101
