3348 5262
850 551 914 616 286

315 759 447 805 censeo:
471 737 495 802 oi
517 735 695 813 προδιδόντες
719 734 772 808 την
796 733 880 800 πόλιν
899 738 955 801 τῶν
975 733 1141 814 Βυζαντίων
1164 734 1252 819 (πρὸς
1265 731 1346 815 ἔργον
1357 732 1440 816 ε’τροό·

315 873 412 915 ποντο·
436 844 511 923 ἦσαν
534 848 566 913 δὲ
590 845 669 933 οἵδε)
696 847 795 912 Κόδων
818 847 878 911 ατὲ.

363 962 466 1047 Caput
493 961 550 1036 IV,
575 964 603 1024 2.
635 958 829 1040 πορευομένοις
860 959 962 1030 αὐτοῖς
993 958 1075 1039 παρόν
1107 957 1239 1035 βασιλέα
1267 958 1444 1032 ἀπήντησαν

316 1073 549 1151 καταβαίνοντες
572 1070 600 1136 οἵ
619 1097 652 1136 τε
676 1070 916 1149 Λακεδαιμονίων
939 1069 1085 1152 πρέσβεις,
1109 1072 1240 1143 Βοιώτιος
1259 1070 1311 1136 καί
1332 1071 1357 1135 ον’
1376 1071 1443 1148 μετ’

316 1188 408 1252 αὐτοῦ
443 1184 494 1250 καὶ
531 1185 555 1249 οἱ
589 1183 685 1256 ι’ίλλοι,
720 1185 769 1249 καί
803 1182 904 1262 ἔλεγον
935 1181 977 1248 ότι
1009 1184 1235 1261 Λακεδαιμόνιοι
1267 1181 1386 1246 πόντων
1408 1178 1445 1246 ὧν

316 1299 428 1365 δέονται
451 1297 635 1379 πεπραγότες
659 1291 713 1361 εἷεν
736 1297 818 1377 παρόν
840 1295 998 1375 βασιλέως,
1022 1296 1072 1362 καί
1095 1299 1193 1373 Κῦρος,
1214 1293 1306 1376 ἄρξων
1327 1293 1445 1360 πόντων

318 1416 374 1478 τῶν
398 1411 447 1476 ε’πδ
472 1411 605 1492 όαλοόττη
629 1409 681 1476 καί
705 1411 944 1489 συμπολεμήσων
968 1409 1209 1488 Λακεδαιμονίοις
1229 1408 1391 1482 ε’πιστολόν
1412 1433 1447 1473 σε

318 1523 406 1606 ἔφερε
439 1526 502 1590 ari.
547 1524 628 1602 Quis
661 1545 804 1608 unquam
837 1524 919 1588 vidit
949 1523 1159 1609 probavitque
1182 1523 1244 1588 tale
1266 1528 1448 1588 monstrum

321 1639 520 1705 sententiae?
555 1639 582 1702 ll
619 1658 684 1722 qua
718 1657 758 1701 ne
793 1639 852 1702 hoc
886 1637 1015 1720 quidem
1048 1642 1205 1722 appareat,
1230 1637 1316 1721 quod
1340 1642 1447 1702 tamen

320 1753 507 1836 scriptorem
540 1751 682 1816 voluisse
713 1754 845 1832 constat,
877 1749 999 1831 Cyrum
1028 1752 1077 1826 iis,
1102 1751 1158 1834 qui
1182 1750 1222 1814 ad
1244 1749 1365 1833 Regem
1386 1751 1449 1814 iter

319 1865 468 1948 facerent,
502 1865 620 1931 oerum
653 1865 780 1930 υοκίεεο.
817 1864 870 1928 Sic
903 1863 969 1930 fere
1003 1863 1249 1948 Xenophontem
1280 1865 1448 1947 scripsisse

320 1983 415 2063 puto:
458 1975 595 2054 λέγοντες
637 1979 705 2062 (pro
737 1973 790 2040 καὶ
825 1973 937 2057 ἔλεγον)
970 1973 1013 2040 ότι
1047 1973 1271 2052 Λακεδαιμόνιοι
1284 2022 1292 2038 .
1394 1972 1448 2040 καί

321 2093 431 2170 Κῦρος.
446 2137 453 2152 .
468 2137 497 2153 ..
527 2087 778 2165 Λακεδαιμονίοις,
803 2088 957 2161 ἐπιστολὴν
982 2087 1084 2169 Φέρων.
1111 2087 1236 2154 Deinde
1260 2108 1337 2154 num
1364 2092 1450 2153 recte

322 2206 444 2269 dictum
466 2205 508 2268 sit
526 2200 644 2266 πόντων
663 2197 699 2265 ὧν
711 2200 823 2266 δέονται
835 2199 1019 2281 πεπραγότες
1031 2195 1084 2265 είεν
1096 2203 1301 2267 vehementer
1314 2201 1427 2265 dubito
1440 2223 1447 2264 :

322 2338 396 2383 nam
428 2317 515 2402 quod
544 2319 733 2400 interpretes
764 2322 896 2382 narrant
926 2317 966 2382 de
991 2318 1206 2399 „attractione
1228 2318 1357 2381 inversa
1380 2317 1450 2380 sive

322 2430 582 2514 assimilatione”‚
616 2431 651 2493 in
686 2449 723 2494 eo
754 2451 869 2514 parum
899 2435 948 2496 est
977 2430 1137 2514 praesidii.
1169 2428 1244 2493 Non
1274 2431 1360 2495 enim
1385 2433 1452 2493 tam

323 2545 478 2609 molestus
502 2549 551 2608 est
573 2544 735 2628 genitivus
760 2539 877 2606 πόντων
901 2563 997 2626 quam
1021 2542 1157 2608 verbum
1180 2541 1367 2623 πεπραγότες
1385 2535 1450 2615 είεν,

322 2676 380 2742 pro
404 2676 468 2741 quo
491 2653 742 2736 διαπεπραγμένοι
766 2649 819 2719 εἷεν
843 2660 1009 2740 exspectes
1033 2658 1149 2740 potius.

367 2769 425 2852 IV,
460 2770 511 2832 14.
544 2768 722 2833 Alcibiadis
753 2770 849 2833 amici
881 2774 912 2834 et
943 2769 1006 2834 alia
1036 2771 1167 2838 ethaeo
1190 2771 1333 2835 dicentes
1356 2771 1453 2836 indu-

324 2886 459 2946 cuntur:
492 2877 636 2951 ἕόὲλοντος
666 2879 697 2943 δὲ
724 2883 791 2944 τότε
813 2879 952 2960 κρίνεσθαι
974 2889 1164 2962 παραχρῆμα
1186 2888 1241 2957 τῆς
1264 2882 1363 2956 αἰτίας
1387 2881 1453 2964 όρτι

247 3011 250 3018 ·
323 2991 523 3071 γεγενημένης
558 2991 595 3064 ὡς
627 2989 806 3069 ἠσεβηκότος
836 2992 875 3064 εἷς
907 2994 948 3056 τόν
970 2994 1125 3075 μυστήρια,
1150 2994 1402 3076 ὑπερβαλλόμενοι
1428 2995 1455 3060 οἱ

324 3104 418 3187 ἐχόροί
453 3104 494 3169 τόν
529 3104 669 3169 δοκοῦντα
702 3103 803 3169 δίκαια
838 3099 909 3170 εἶναι
942 3105 1058 3170 οὶπόντα
1088 3106 1179 3172 αὐτόν
1208 3106 1366 3189 ἐστέρησαν
1397 3113 1453 3182 τῆς

326 3215 476 3297 πατρίδος.
501 3215 591 3293 Quae
620 3218 676 3280 illa
697 3219 733 3280 in
755 3218 956 3283 Alcibiadem
980 3217 1062 3284 αἰτία
1083 3219 1181 3286 fuerit
1205 3241 1317 3287 omnes
1340 3223 1452 3288 etiam-

326 3334 397 3393 tum
432 3330 587 3393 memon'a
616 3332 759 3394 tenuisse
789 3333 918 3414 opinor3
951 3332 1049 3398 verba
1080 3339 1188 3399 autem
1211 3334 1248 3406 ὥς
1272 3333 1453 3412 ἠσεβηκότος

326 3441 366 3513 εἰς
398 3440 439 3505 τόν
468 3441 616 3524 μυστήρια
643 3445 832 3508 sententiam
854 3446 941 3511 iusto
963 3448 1141 3532 longiorem
1165 3453 1197 3514 et
1218 3449 1454 3534 languidiorem

327 3555 488 3638 officione
513 3575 551 3621 ea
574 3575 649 3641 ergo
672 3557 862 3640 expellenda
887 3577 1010 3624 consec.

372 3670 429 3754 IV,
462 3671 512 3734 16.
543 3669 650 3747 Quare
681 3670 844 3755 probabile
867 3693 933 3736 non
956 3674 998 3738 sit
1019 3673 1218 3739 Alcibiadem
1243 3675 1457 3741 democratiae

327 3785 496 3849 inimicum
530 3785 641 3867 fuisse,
674 3785 735 3848 hoc
770 3792 958 3870 argumento
990 3787 1211 3852 demonstrant
1241 3790 1311 3854 eius
1342 3790 1454 3854 amici:

328 3893 472 3976 ὑπόρχειν
506 3895 564 3977 γόνρ
595 3897 628 3961 ἐκ
658 3901 710 3961 τοῦ
742 3897 837 3975 δόμου
868 3900 949 3979 αὐτῷ
973 3899 1028 3977 μὲν
1052 3902 1109 3964 τῶν
1131 3924 1165 3966 τε
1186 3900 1343 3974 ἡλικιωτῶν
1366 3901 1457 3966 πλέον

329 4007 409 4088 ἔχειν
439 4013 495 4074 τῶν
518 4034 551 4074 τε
574 4009 774 4093 πρεσβυτέρων
797 4011 840 4089 μη
865 4013 1069 4086 ἐλαττοῦσθαι,
1093 4020 1155 4086 τοῖς
1177 4013 1204 4078 δ’
1227 4015 1317 4079 αὐτοῦ
1341 4015 1457 4094 ἐχθροῖς

330 4121 423 4186 δοκεῖν
456 4116 526 4186 εἶναι
555 4119 674 4204 οἵοισπερ
705 4121 845 4206 πρότερον,
877 4122 991 4205 ὕστερον
1023 4125 1054 4190 δὲ
1083 4125 1258 4192 δυνασθεῖσιν
1288 4126 1457 4193 ἀπολλύναι

330 4233 397 4310 τοὺς
428 4234 610 4314 βελτίστους.
644 4236 799 4322 Corrupta
828 4239 906 4304 haec
937 4258 1008 4306 esse
1029 4241 1094 4304 iam
1118 4239 1329 4306 Leonclavius
1352 4241 1452 4326 vidit3
