<?xml version="1.0" encoding="UTF-8"?>
<!DOCTYPE html PUBLIC "-//W3C//DTD XHTML 1.0 Transitional//EN"
    "http://www.w3.org/TR/xhtml1/DTD/xhtml1-transitional.dtd">
<html xmlns="http://www.w3.org/1999/xhtml" xml:lang="en" lang="en">
 <head>
  <title>
</title>
<meta http-equiv="Content-Type" content="text/html;charset=utf-8" />
  <meta name='ocr-system' content='tesseract 3.04.00' />
  <meta name='ocr-capabilities' content='ocr_page ocr_carea ocr_par ocr_line ocrx_word'/>
</head>
<body>
  <div class='ocr_page' id='page_1' title='image "./analectaxenopho00hartgoog_0282.png"; bbox 0 0 3348 5262; ppageno 0'>
   <div class='ocr_carea' id='block_1_1' title="bbox 771 603 835 666">
    <p class='ocr_par' dir='ltr' id='par_1_1' title="bbox 771 603 835 666">
     <span class='ocr_line' id='line_1_1' title="bbox 771 603 835 666; baseline -0.031 0"><span class='ocrx_word' id='word_1_1' title='bbox 771 603 835 666; x_wconf 74' lang='lat'>267</span> 
     </span>
    </p>
   </div>
   <div class='ocr_carea' id='block_1_2' title="bbox 204 787 1458 4375">
    <p class='ocr_par' dir='ltr' id='par_1_2' title="bbox 204 787 1458 4153">
     <span class='ocr_line' id='line_1_2' title="bbox 237 787 1362 874; baseline 0.001 -21"><span class='ocrx_word' id='word_1_2' title='bbox 237 808 271 853; x_wconf 89' lang='lat' dir='ltr'>se</span> <span class='ocrx_word' id='word_1_3' title='bbox 301 788 467 852; x_wconf 83' lang='lat' dir='ltr'>illaturum</span> <span class='ocrx_word' id='word_1_4' title='bbox 497 791 610 870; x_wconf 79' lang='lat' dir='ltr'>sperat,</span> <span class='ocrx_word' id='word_1_5' title='bbox 641 787 725 850; x_wconf 93' lang='lat' dir='ltr'>dona</span> <span class='ocrx_word' id='word_1_6' title='bbox 752 788 878 870; x_wconf 85' lang='lat' dir='ltr'>datiis,</span> <span class='ocrx_word' id='word_1_7' title='bbox 903 808 984 872; x_wconf 91' lang='lat' dir='ltr'>quos</span> <span class='ocrx_word' id='word_1_8' title='bbox 1008 790 1063 853; x_wconf 89' lang='lat' dir='ltr'>illa</span> <span class='ocrx_word' id='word_1_9' title='bbox 1086 790 1217 874; x_wconf 87' lang='lat' dir='ltr'>adeptos</span> <span class='ocrx_word' id='word_1_10' title='bbox 1240 793 1362 874; x_wconf 85' lang='lat' dir='ltr'>gravis-</span> 
     </span>
     <span class='ocr_line' id='line_1_3' title="bbox 237 887 1381 985; baseline 0.003 -20"><span class='ocrx_word' id='word_1_11' title='bbox 237 902 328 966; x_wconf 87' lang='lat' dir='ltr'>simis</span> <span class='ocrx_word' id='word_1_12' title='bbox 363 901 489 964; x_wconf 88' lang='lat' dir='ltr'>damnis</span> <span class='ocrx_word' id='word_1_13' title='bbox 524 905 621 964; x_wconf 89' lang='lat' dir='ltr'>totam</span> <span class='ocrx_word' id='word_1_14' title='bbox 658 899 824 965; x_wconf 79' lang='lat' dir='ltr'>Graeciam</span> <span class='ocrx_word' id='word_1_15' title='bbox 859 902 1027 967; x_wconf 86' lang='lat' dir='ltr'>affecturos</span> <span class='ocrx_word' id='word_1_16' title='bbox 1063 903 1172 985; x_wconf 90' lang='lat' dir='ltr'>credit,</span> <span class='ocrx_word' id='word_1_17' title='bbox 1206 887 1381 968; x_wconf 76' lang='lat' dir='ltr'>eiusmodi¹</span> 
     </span>
     <span class='ocr_line' id='line_1_4' title="bbox 235 1014 1365 1099; baseline 0.002 -21"><span class='ocrx_word' id='word_1_18' title='bbox 235 1033 345 1098; x_wconf 89' lang='lat' dir='ltr'>pacem</span> <span class='ocrx_word' id='word_1_19' title='bbox 371 1014 622 1097; x_wconf 86' lang='lat' dir='ltr'>componendam</span> <span class='ocrx_word' id='word_1_20' title='bbox 647 1019 746 1096; x_wconf 81' lang='lat' dir='ltr'>curat,</span> <span class='ocrx_word' id='word_1_21' title='bbox 770 1033 788 1078; x_wconf 91' lang='lat' dir='ltr'>e</span> <span class='ocrx_word' id='word_1_22' title='bbox 812 1035 875 1098; x_wconf 92' lang='lat' dir='ltr'>qua</span> <span class='ocrx_word' id='word_1_23' title='bbox 897 1016 1086 1099; x_wconf 88' lang='lat' dir='ltr'>gravissima</span> <span class='ocrx_word' id='word_1_24' title='bbox 1109 1017 1193 1080; x_wconf 88' lang='lat' dir='ltr'>inter</span> <span class='ocrx_word' id='word_1_25' title='bbox 1217 1036 1276 1080; x_wconf 90' lang='lat' dir='ltr'>nos</span> <span class='ocrx_word' id='word_1_26' title='bbox 1301 1019 1365 1080; x_wconf 91' lang='lat' dir='ltr'>ori·</span> 
     </span>
     <span class='ocr_line' id='line_1_5' title="bbox 237 1127 1365 1214; baseline 0.002 -22"><span class='ocrx_word' id='word_1_27' title='bbox 237 1135 310 1192; x_wconf 85' lang='lat' dir='ltr'>tura</span> <span class='ocrx_word' id='word_1_28' title='bbox 337 1127 420 1192; x_wconf 88' lang='lat' dir='ltr'>bella</span> <span class='ocrx_word' id='word_1_29' title='bbox 443 1128 642 1211; x_wconf 60' lang='lat' dir='ltr'>suspicatum</span> <span class='ocrx_word' id='word_1_30' title='bbox 667 1133 764 1211; x_wconf 86' lang='lat' dir='ltr'>atque</span> <span class='ocrx_word' id='word_1_31' title='bbox 786 1129 846 1192; x_wconf 92' lang='lat' dir='ltr'>hoc</span> <span class='ocrx_word' id='word_1_32' title='bbox 869 1147 979 1193; x_wconf 91' lang='lat' dir='ltr'>omnes</span> <span class='ocrx_word' id='word_1_33' title='bbox 1005 1129 1144 1194; x_wconf 87' lang='lat' dir='ltr'>vident&#39;’.</span> <span class='ocrx_word' id='word_1_34' title='bbox 1167 1130 1365 1214; x_wconf 90' lang='lat' dir='ltr'>Xenophon-</span> 
     </span>
     <span class='ocr_line' id='line_1_6' title="bbox 237 1240 1366 1327; baseline 0.002 -21"><span class='ocrx_word' id='word_1_35' title='bbox 237 1247 303 1306; x_wconf 85' lang='lat' dir='ltr'>tem</span> <span class='ocrx_word' id='word_1_36' title='bbox 337 1241 397 1304; x_wconf 92' lang='lat' dir='ltr'>hoc</span> <span class='ocrx_word' id='word_1_37' title='bbox 421 1240 558 1305; x_wconf 86' lang='lat' dir='ltr'>scribere</span> <span class='ocrx_word' id='word_1_38' title='bbox 582 1261 647 1303; x_wconf 91' lang='lat' dir='ltr'>non</span> <span class='ocrx_word' id='word_1_39' title='bbox 670 1242 814 1325; x_wconf 88' lang='lat' dir='ltr'>potuisse</span> <span class='ocrx_word' id='word_1_40' title='bbox 837 1243 1045 1327; x_wconf 87' lang='lat' dir='ltr'>perspicuum</span> <span class='ocrx_word' id='word_1_41' title='bbox 1068 1249 1123 1308; x_wconf 86' lang='lat' dir='ltr'>ost</span> <span class='ocrx_word' id='word_1_42' title='bbox 1147 1243 1245 1308; x_wconf 87' lang='lat' dir='ltr'>Haud</span> <span class='ocrx_word' id='word_1_43' title='bbox 1268 1243 1366 1308; x_wconf 89' lang='lat' dir='ltr'>dubie</span> 
     </span>
     <span class='ocr_line' id='line_1_7' title="bbox 204 1352 1364 1441; baseline 0.001 -22"><span class='ocrx_word' id='word_1_44' title='bbox 204 1372 207 1377; x_wconf 83' lang='lat'>·</span> <span class='ocrx_word' id='word_1_45' title='bbox 238 1355 325 1419; x_wconf 89' lang='lat' dir='ltr'>enirn</span> <span class='ocrx_word' id='word_1_46' title='bbox 347 1357 418 1433; x_wconf 82' lang='lat' dir='ltr'>post</span> <span class='ocrx_word' id='word_1_47' title='bbox 439 1352 581 1436; x_wconf 68' lang='lat' dir='ltr'>Agesilai</span> <span class='ocrx_word' id='word_1_48' title='bbox 603 1358 730 1418; x_wconf 81' lang='lat' dir='ltr'>mortem</span> <span class='ocrx_word' id='word_1_49' title='bbox 752 1355 894 1419; x_wconf 88' lang='lat' dir='ltr'>laudatio</span> <span class='ocrx_word' id='word_1_50' title='bbox 918 1357 1036 1440; x_wconf 86' lang='lat' dir='ltr'>scripta</span> <span class='ocrx_word' id='word_1_51' title='bbox 1058 1361 1115 1420; x_wconf 90' lang='lat' dir='ltr'>est.</span> <span class='ocrx_word' id='word_1_52' title='bbox 1136 1355 1184 1420; x_wconf 89' lang='lat' dir='ltr'>De</span> <span class='ocrx_word' id='word_1_53' title='bbox 1205 1376 1269 1440; x_wconf 93' lang='lat' dir='ltr'>quo</span> <span class='ocrx_word' id='word_1_54' title='bbox 1290 1376 1364 1441; x_wconf 87' lang='lat' dir='ltr'>ergo</span> 
     </span>
     <span class='ocr_line' id='line_1_8' title="bbox 238 1465 1365 1554; baseline 0.004 -24"><span class='ocrx_word' id='word_1_55' title='bbox 238 1467 325 1550; x_wconf 86' lang='lat' dir='ltr'>Rege</span> <span class='ocrx_word' id='word_1_56' title='bbox 357 1467 485 1550; x_wconf 84' lang='lat' dir='ltr'>agitur?</span> <span class='ocrx_word' id='word_1_57' title='bbox 506 1468 599 1531; x_wconf 83' lang='lat' dir='ltr'>Teste</span> <span class='ocrx_word' id='word_1_58' title='bbox 621 1465 762 1531; x_wconf 90' lang='lat' dir='ltr'>Diodoro</span> <span class='ocrx_word' id='word_1_59' title='bbox 786 1468 984 1532; x_wconf 83' lang='lat' dir='ltr'>Artaxerxes</span> <span class='ocrx_word' id='word_1_60' title='bbox 1008 1468 1159 1532; x_wconf 89' lang='lat' dir='ltr'>Mnemon</span> <span class='ocrx_word' id='word_1_61' title='bbox 1185 1475 1258 1534; x_wconf 90' lang='lat' dir='ltr'>ante</span> <span class='ocrx_word' id='word_1_62' title='bbox 1281 1471 1365 1554; x_wconf 90' lang='lat' dir='ltr'>Age-</span> 
     </span>
     <span class='ocr_line' id='line_1_9' title="bbox 238 1581 1366 1666; baseline 0.002 -20"><span class='ocrx_word' id='word_1_63' title='bbox 238 1583 354 1647; x_wconf 89' lang='lat' dir='ltr'>silaum</span> <span class='ocrx_word' id='word_1_64' title='bbox 380 1586 534 1645; x_wconf 82' lang='lat' dir='ltr'>mortuus.</span> <span class='ocrx_word' id='word_1_65' title='bbox 551 1586 616 1645; x_wconf 82' lang='lat' dir='ltr'>est:</span> <span class='ocrx_word' id='word_1_66' title='bbox 642 1600 715 1645; x_wconf 92' lang='lat' dir='ltr'>eum</span> <span class='ocrx_word' id='word_1_67' title='bbox 741 1601 816 1664; x_wconf 90' lang='lat' dir='ltr'>ergo</span> <span class='ocrx_word' id='word_1_68' title='bbox 840 1583 867 1644; x_wconf 91' lang='lat' dir='ltr'>si</span> <span class='ocrx_word' id='word_1_69' title='bbox 892 1583 1060 1666; x_wconf 87' lang='lat' dir='ltr'>sequimur</span> <span class='ocrx_word' id='word_1_70' title='bbox 1083 1582 1123 1646; x_wconf 87' lang='lat' dir='ltr'>de</span> <span class='ocrx_word' id='word_1_71' title='bbox 1148 1581 1234 1646; x_wconf 90' lang='lat' dir='ltr'>Ocho</span> <span class='ocrx_word' id='word_1_72' title='bbox 1258 1589 1366 1648; x_wconf 88' lang='lat' dir='ltr'>narrat</span> 
     </span>
     <span class='ocr_line' id='line_1_10' title="bbox 239 1692 1365 1779; baseline 0.002 -20"><span class='ocrx_word' id='word_1_73' title='bbox 239 1696 401 1775; x_wconf 81' lang='lat' dir='ltr'>laudator3</span> <span class='ocrx_word' id='word_1_74' title='bbox 433 1695 483 1758; x_wconf 90' lang='lat' dir='ltr'>sin</span> <span class='ocrx_word' id='word_1_75' title='bbox 515 1692 675 1758; x_wconf 78' lang='lat' dir='ltr'>Cononem</span> <span class='ocrx_word' id='word_1_76' title='bbox 709 1696 960 1759; x_wconf 86' lang='lat' dir='ltr'>astronomicum</span> <span class='ocrx_word' id='word_1_77' title='bbox 985 1697 1162 1779; x_wconf 87' lang='lat' dir='ltr'>sequimur,</span> <span class='ocrx_word' id='word_1_78' title='bbox 1185 1698 1365 1779; x_wconf 87' lang='lat' dir='ltr'>putandum</span> 
     </span>
     <span class='ocr_line' id='line_1_11' title="bbox 239 1807 1367 1894; baseline 0.001 -21"><span class='ocrx_word' id='word_1_79' title='bbox 239 1813 287 1873; x_wconf 90' lang='lat' dir='ltr'>est</span> <span class='ocrx_word' id='word_1_80' title='bbox 307 1808 510 1872; x_wconf 85' lang='lat' dir='ltr'>Mnemonem</span> <span class='ocrx_word' id='word_1_81' title='bbox 535 1807 703 1890; x_wconf 90' lang='lat' dir='ltr'>usquead</span> <span class='ocrx_word' id='word_1_82' title='bbox 727 1827 848 1870; x_wconf 89' lang='lat' dir='ltr'>annum</span> <span class='ocrx_word' id='word_1_83' title='bbox 874 1809 939 1870; x_wconf 86' lang='lat'>358</span> <span class='ocrx_word' id='word_1_84' title='bbox 963 1827 1122 1892; x_wconf 83' lang='lat' dir='ltr'>regnasse,</span> <span class='ocrx_word' id='word_1_85' title='bbox 1142 1808 1278 1892; x_wconf 89' lang='lat' dir='ltr'>fierique</span> <span class='ocrx_word' id='word_1_86' title='bbox 1297 1815 1367 1894; x_wconf 85' lang='lat' dir='ltr'>pot·</span> 
     </span>
     <span class='ocr_line' id='line_1_12' title="bbox 240 1921 1367 2005; baseline 0.001 -19"><span class='ocrx_word' id='word_1_87' title='bbox 240 1927 297 2005; x_wconf 89' lang='lat' dir='ltr'>est,</span> <span class='ocrx_word' id='word_1_88' title='bbox 327 1926 364 1984; x_wconf 89' lang='lat' dir='ltr'>ut</span> <span class='ocrx_word' id='word_1_89' title='bbox 393 1921 446 1984; x_wconf 91' lang='lat' dir='ltr'>ille</span> <span class='ocrx_word' id='word_1_90' title='bbox 477 1921 572 1985; x_wconf 89' lang='lat' dir='ltr'>etiam</span> <span class='ocrx_word' id='word_1_91' title='bbox 603 1921 734 2002; x_wconf 85' lang='lat' dir='ltr'>viveret,</span> <span class='ocrx_word' id='word_1_92' title='bbox 759 1941 861 2003; x_wconf 92' lang='lat' dir='ltr'>quum</span> <span class='ocrx_word' id='word_1_93' title='bbox 886 1923 1067 1985; x_wconf 82' lang='lat' dir='ltr'>encomium</span> <span class='ocrx_word' id='word_1_94' title='bbox 1091 1921 1296 1986; x_wconf 84' lang='lat' dir='ltr'>scribebatur.</span> <span class='ocrx_word' id='word_1_95' title='bbox 1322 1924 1367 1987; x_wconf 85' lang='lat' dir='ltr'>At</span> 
     </span>
     <span class='ocr_line' id='line_1_13' title="bbox 239 2034 1367 2118; baseline 0.001 -21"><span class='ocrx_word' id='word_1_96' title='bbox 239 2054 315 2098; x_wconf 88' lang='lat' dir='ltr'>vero</span> <span class='ocrx_word' id='word_1_97' title='bbox 338 2036 463 2098; x_wconf 88' lang='lat' dir='ltr'>intera</span> <span class='ocrx_word' id='word_1_98' title='bbox 487 2034 550 2097; x_wconf 84' lang='lat'>362</span> <span class='ocrx_word' id='word_1_99' title='bbox 575 2035 643 2117; x_wconf 88' lang='lat' dir='ltr'>(qui</span> <span class='ocrx_word' id='word_1_100' title='bbox 668 2034 828 2117; x_wconf 84' lang='lat' dir='ltr'>praecedit</span> <span class='ocrx_word' id='word_1_101' title='bbox 851 2054 982 2117; x_wconf 89' lang='lat' dir='ltr'>anuum,</span> <span class='ocrx_word' id='word_1_102' title='bbox 1005 2055 1069 2117; x_wconf 92' lang='lat' dir='ltr'>quo</span> <span class='ocrx_word' id='word_1_103' title='bbox 1090 2035 1262 2118; x_wconf 84' lang='lat' dir='ltr'>Agesilaus</span> <span class='ocrx_word' id='word_1_104' title='bbox 1282 2036 1367 2100; x_wconf 88' lang='lat' dir='ltr'>diem</span> 
     </span>
     <span class='ocr_line' id='line_1_14' title="bbox 241 2146 1367 2232; baseline -0.002 -20"><span class='ocrx_word' id='word_1_105' title='bbox 241 2166 428 2232; x_wconf 86' lang='lat' dir='ltr'>supremum</span> <span class='ocrx_word' id='word_1_106' title='bbox 460 2146 547 2227; x_wconf 87' lang='lat' dir='ltr'>obiit)</span> <span class='ocrx_word' id='word_1_107' title='bbox 579 2151 610 2210; x_wconf 87' lang='lat' dir='ltr'>et</span> <span class='ocrx_word' id='word_1_108' title='bbox 639 2147 712 2229; x_wconf 85' lang='lat'>358,</span> <span class='ocrx_word' id='word_1_109' title='bbox 736 2147 826 2210; x_wconf 88' lang='lat' dir='ltr'>nulla</span> <span class='ocrx_word' id='word_1_110' title='bbox 851 2147 913 2210; x_wconf 90' lang='lat' dir='ltr'>alia</span> <span class='ocrx_word' id='word_1_111' title='bbox 934 2168 999 2230; x_wconf 91' lang='lat' dir='ltr'>pax</span> <span class='ocrx_word' id='word_1_112' title='bbox 1022 2149 1106 2212; x_wconf 88' lang='lat' dir='ltr'>inter</span> <span class='ocrx_word' id='word_1_113' title='bbox 1131 2147 1268 2212; x_wconf 81' lang='lat' dir='ltr'>Graecos</span> <span class='ocrx_word' id='word_1_114' title='bbox 1292 2168 1367 2211; x_wconf 89' lang='lat' dir='ltr'>con-</span> 
     </span>
     <span class='ocr_line' id='line_1_15' title="bbox 240 2260 1366 2343; baseline 0.002 -20"><span class='ocrx_word' id='word_1_115' title='bbox 240 2261 329 2324; x_wconf 81' lang='lat' dir='ltr'>venit</span> <span class='ocrx_word' id='word_1_116' title='bbox 359 2279 455 2342; x_wconf 89' lang='lat' dir='ltr'>quam</span> <span class='ocrx_word' id='word_1_117' title='bbox 489 2278 533 2340; x_wconf 89' lang='lat' dir='ltr'>ea,</span> <span class='ocrx_word' id='word_1_118' title='bbox 566 2277 647 2342; x_wconf 91' lang='lat' dir='ltr'>quae</span> <span class='ocrx_word' id='word_1_119' title='bbox 680 2260 788 2322; x_wconf 88' lang='lat' dir='ltr'>statim</span> <span class='ocrx_word' id='word_1_120' title='bbox 817 2264 890 2343; x_wconf 86' lang='lat' dir='ltr'>post</span> <span class='ocrx_word' id='word_1_121' title='bbox 920 2280 1062 2343; x_wconf 91' lang='lat' dir='ltr'>pugnam</span> <span class='ocrx_word' id='word_1_122' title='bbox 1086 2260 1366 2325; x_wconf 83' lang='lat' dir='ltr'>Mantinensema</span> 
     </span>
     <span class='ocr_line' id='line_1_16' title="bbox 239 2371 1369 2457; baseline 0 -20"><span class='ocrx_word' id='word_1_123' title='bbox 239 2373 397 2438; x_wconf 80' lang='lat' dir='ltr'>Thebanis</span> <span class='ocrx_word' id='word_1_124' title='bbox 419 2392 493 2435; x_wconf 89' lang='lat' dir='ltr'>cum</span> <span class='ocrx_word' id='word_1_125' title='bbox 517 2371 681 2454; x_wconf 81' lang='lat' dir='ltr'>Spartanis</span> <span class='ocrx_word' id='word_1_126' title='bbox 703 2372 786 2436; x_wconf 89' lang='lat' dir='ltr'>facta</span> <span class='ocrx_word' id='word_1_127' title='bbox 806 2377 870 2436; x_wconf 89' lang='lat' dir='ltr'>est:</span> <span class='ocrx_word' id='word_1_128' title='bbox 890 2373 925 2434; x_wconf 92' lang='lat' dir='ltr'>in</span> <span class='ocrx_word' id='word_1_129' title='bbox 944 2372 1001 2435; x_wconf 93' lang='lat' dir='ltr'>illa</span> <span class='ocrx_word' id='word_1_130' title='bbox 1020 2377 1127 2437; x_wconf 85' lang='lat' dir='ltr'>aulem</span> <span class='ocrx_word' id='word_1_131' title='bbox 1148 2374 1369 2457; x_wconf 88' lang='lat' dir='ltr'>componenda</span> 
     </span>
     <span class='ocr_line' id='line_1_17' title="bbox 241 2485 1366 2570; baseline 0 -20"><span class='ocrx_word' id='word_1_132' title='bbox 241 2489 366 2570; x_wconf 89' lang='lat' dir='ltr'>aliquas</span> <span class='ocrx_word' id='word_1_133' title='bbox 388 2486 489 2550; x_wconf 88' lang='lat' dir='ltr'>fuisse</span> <span class='ocrx_word' id='word_1_134' title='bbox 511 2485 682 2548; x_wconf 89' lang='lat' dir='ltr'>Persarum</span> <span class='ocrx_word' id='word_1_135' title='bbox 707 2487 792 2569; x_wconf 87' lang='lat' dir='ltr'>regis</span> <span class='ocrx_word' id='word_1_136' title='bbox 814 2490 919 2569; x_wconf 85' lang='lat' dir='ltr'>partes</span> <span class='ocrx_word' id='word_1_137' title='bbox 943 2506 1106 2570; x_wconf 90' lang='lat' dir='ltr'>nusquam</span> <span class='ocrx_word' id='word_1_138' title='bbox 1132 2487 1286 2551; x_wconf 88' lang='lat' dir='ltr'>traditum</span> <span class='ocrx_word' id='word_1_139' title='bbox 1310 2492 1366 2552; x_wconf 89' lang='lat' dir='ltr'>est.</span> 
     </span>
     <span class='ocr_line' id='line_1_18' title="bbox 242 2598 1369 2682; baseline -0.001 -17"><span class='ocrx_word' id='word_1_140' title='bbox 242 2600 299 2665; x_wconf 83' lang='lat' dir='ltr'>Sin</span> <span class='ocrx_word' id='word_1_141' title='bbox 320 2638 361 2646; x_wconf 95' lang='lat'><strong>—</strong></span> <span class='ocrx_word' id='word_1_142' title='bbox 379 2600 418 2663; x_wconf 84' lang='lat' dir='ltr'>id</span> <span class='ocrx_word' id='word_1_143' title='bbox 444 2599 530 2682; x_wconf 93' lang='lat' dir='ltr'>quod</span> <span class='ocrx_word' id='word_1_144' title='bbox 553 2598 654 2662; x_wconf 89' lang='lat' dir='ltr'>multo</span> <span class='ocrx_word' id='word_1_145' title='bbox 679 2600 757 2662; x_wconf 90' lang='lat' dir='ltr'>mihi</span> <span class='ocrx_word' id='word_1_146' title='bbox 780 2598 978 2682; x_wconf 88' lang='lat' dir='ltr'>probabilius</span> <span class='ocrx_word' id='word_1_147' title='bbox 999 2600 1126 2663; x_wconf 88' lang='lat' dir='ltr'>videtur</span> <span class='ocrx_word' id='word_1_148' title='bbox 1144 2637 1188 2646; x_wconf 89' lang='lat'><strong>—</strong></span> <span class='ocrx_word' id='word_1_149' title='bbox 1208 2602 1272 2664; x_wconf 87' lang='lat' dir='ltr'>iam</span> <span class='ocrx_word' id='word_1_150' title='bbox 1285 2620 1369 2664; x_wconf 91' lang='lat' dir='ltr'>mor·</span> 
     </span>
     <span class='ocr_line' id='line_1_19' title="bbox 241 2711 1370 2796; baseline 0 -19"><span class='ocrx_word' id='word_1_151' title='bbox 241 2718 319 2778; x_wconf 91' lang='lat' dir='ltr'>tuus</span> <span class='ocrx_word' id='word_1_152' title='bbox 350 2717 417 2776; x_wconf 88' lang='lat' dir='ltr'>erat</span> <span class='ocrx_word' id='word_1_153' title='bbox 447 2711 609 2794; x_wconf 88' lang='lat' dir='ltr'>Mnemon,</span> <span class='ocrx_word' id='word_1_154' title='bbox 641 2732 705 2796; x_wconf 90' lang='lat' dir='ltr'>quo</span> <span class='ocrx_word' id='word_1_155' title='bbox 736 2718 878 2796; x_wconf 92' lang='lat' dir='ltr'>tempore</span> <span class='ocrx_word' id='word_1_156' title='bbox 901 2712 1043 2796; x_wconf 86' lang='lat' dir='ltr'>Agesilai</span> <span class='ocrx_word' id='word_1_157' title='bbox 1067 2713 1138 2777; x_wconf 91' lang='lat' dir='ltr'>laus</span> <span class='ocrx_word' id='word_1_158' title='bbox 1162 2713 1370 2796; x_wconf 86' lang='lat' dir='ltr'>scribebatur,</span> 
     </span>
     <span class='ocr_line' id='line_1_20' title="bbox 241 2824 1369 2908; baseline 0 -19"><span class='ocrx_word' id='word_1_159' title='bbox 241 2825 438 2889; x_wconf 87' lang='lat' dir='ltr'>laudatorem</span> <span class='ocrx_word' id='word_1_160' title='bbox 471 2824 639 2888; x_wconf 85' lang='lat' dir='ltr'>defendere</span> <span class='ocrx_word' id='word_1_161' title='bbox 662 2825 792 2908; x_wconf 92' lang='lat' dir='ltr'>quidem</span> <span class='ocrx_word' id='word_1_162' title='bbox 815 2844 1006 2908; x_wconf 88' lang='lat' dir='ltr'>possumus:</span> <span class='ocrx_word' id='word_1_163' title='bbox 1031 2826 1117 2889; x_wconf 91' lang='lat' dir='ltr'>haud</span> <span class='ocrx_word' id='word_1_164' title='bbox 1141 2828 1227 2890; x_wconf 88' lang='lat' dir='ltr'>enim</span> <span class='ocrx_word' id='word_1_165' title='bbox 1249 2827 1369 2889; x_wconf 89' lang='lat' dir='ltr'>iniuria</span> 
     </span>
     <span class='ocr_line' id='line_1_21' title="bbox 224 2937 1369 3022; baseline 0 -20"><span class='ocrx_word' id='word_1_166' title='bbox 224 2939 475 3020; x_wconf 78' lang='lat' dir='ltr'>BoclrhausiuS,</span> <span class='ocrx_word' id='word_1_167' title='bbox 508 2937 679 3022; x_wconf 91' lang='lat' dir='ltr'>Hagenum</span> <span class='ocrx_word' id='word_1_168' title='bbox 715 2942 751 3002; x_wconf 85' lang='lat' dir='ltr'>ut</span> <span class='ocrx_word' id='word_1_169' title='bbox 783 2938 947 3021; x_wconf 88' lang='lat' dir='ltr'>refelleret,</span> <span class='ocrx_word' id='word_1_170' title='bbox 979 2939 1211 3003; x_wconf 87' lang='lat' dir='ltr'>demonstravit</span> <span class='ocrx_word' id='word_1_171' title='bbox 1244 2937 1369 3002; x_wconf 89' lang='lat' dir='ltr'>Ochum</span> 
     </span>
     <span class='ocr_line' id='line_1_22' title="bbox 243 3051 1371 3137; baseline 0 -21"><span class='ocrx_word' id='word_1_172' title='bbox 243 3071 373 3137; x_wconf 89' lang='lat' dir='ltr'>quoque</span> <span class='ocrx_word' id='word_1_173' title='bbox 396 3051 589 3116; x_wconf 82' lang='lat' dir='ltr'>Graecorum</span> <span class='ocrx_word' id='word_1_174' title='bbox 614 3051 710 3116; x_wconf 90' lang='lat' dir='ltr'>rebus</span> <span class='ocrx_word' id='word_1_175' title='bbox 734 3071 768 3115; x_wconf 91' lang='lat' dir='ltr'>se</span> <span class='ocrx_word' id='word_1_176' title='bbox 790 3053 1022 3132; x_wconf 79' lang='lat' dir='ltr'>immiscuisse3</span> <span class='ocrx_word' id='word_1_177' title='bbox 1045 3052 1102 3116; x_wconf 89' lang='lat' dir='ltr'>sed</span> <span class='ocrx_word' id='word_1_178' title='bbox 1121 3053 1179 3114; x_wconf 89' lang='lat' dir='ltr'>vix</span> <span class='ocrx_word' id='word_1_179' title='bbox 1200 3072 1280 3135; x_wconf 89' lang='lat' dir='ltr'>opus</span> <span class='ocrx_word' id='word_1_180' title='bbox 1301 3071 1371 3116; x_wconf 89' lang='lat' dir='ltr'>esse</span> 
     </span>
     <span class='ocr_line' id='line_1_23' title="bbox 244 3163 1370 3258; baseline -0.001 -28"><span class='ocrx_word' id='word_1_181' title='bbox 244 3186 281 3230; x_wconf 91' lang='lat' dir='ltr'>ea</span> <span class='ocrx_word' id='word_1_182' title='bbox 304 3165 494 3258; x_wconf 85' lang='lat' dir='ltr'>defensione</span> <span class='ocrx_word' id='word_1_183' title='bbox 511 3166 633 3249; x_wconf 90' lang='lat' dir='ltr'>opinor.</span> <span class='ocrx_word' id='word_1_184' title='bbox 652 3163 823 3228; x_wconf 83' lang='lat' dir='ltr'>Eiusmodi</span> <span class='ocrx_word' id='word_1_185' title='bbox 844 3165 929 3228; x_wconf 85' lang='lat' dir='ltr'>enim</span> <span class='ocrx_word' id='word_1_186' title='bbox 949 3165 1050 3228; x_wconf 88' lang='lat' dir='ltr'>fuisse</span> <span class='ocrx_word' id='word_1_187' title='bbox 1061 3165 1258 3229; x_wconf 88' lang='lat' dir='ltr'>laudatorem</span> <span class='ocrx_word' id='word_1_188' title='bbox 1272 3166 1370 3229; x_wconf 88' lang='lat' dir='ltr'>istum</span> 
     </span>
     <span class='ocr_line' id='line_1_24' title="bbox 243 3276 1371 3361; baseline -0.002 -18"><span class='ocrx_word' id='word_1_189' title='bbox 243 3281 308 3343; x_wconf 90' lang='lat' dir='ltr'>iam</span> <span class='ocrx_word' id='word_1_190' title='bbox 333 3280 409 3342; x_wconf 89' lang='lat' dir='ltr'>satis</span> <span class='ocrx_word' id='word_1_191' title='bbox 434 3278 583 3359; x_wconf 87' lang='lat' dir='ltr'>vidimus,</span> <span class='ocrx_word' id='word_1_192' title='bbox 608 3283 643 3340; x_wconf 89' lang='lat' dir='ltr'>ut</span> <span class='ocrx_word' id='word_1_193' title='bbox 666 3276 819 3341; x_wconf 89' lang='lat' dir='ltr'>credibile</span> <span class='ocrx_word' id='word_1_194' title='bbox 842 3278 892 3358; x_wconf 90' lang='lat' dir='ltr'>sit,</span> <span class='ocrx_word' id='word_1_195' title='bbox 916 3296 990 3341; x_wconf 93' lang='lat' dir='ltr'>eum</span> <span class='ocrx_word' id='word_1_196' title='bbox 1015 3277 1187 3342; x_wconf 88' lang='lat' dir='ltr'>Persarum</span> <span class='ocrx_word' id='word_1_197' title='bbox 1210 3279 1295 3361; x_wconf 90' lang='lat' dir='ltr'>regis</span> <span class='ocrx_word' id='word_1_198' title='bbox 1313 3278 1371 3341; x_wconf 86' lang='lat' dir='ltr'>fal-</span> 
     </span>
     <span class='ocr_line' id='line_1_25' title="bbox 231 3391 1371 3475; baseline -0.001 -19"><span class='ocrx_word' id='word_1_199' title='bbox 231 3393 341 3457; x_wconf 86' lang='lat' dir='ltr'>lacias</span> <span class='ocrx_word' id='word_1_200' title='bbox 376 3391 616 3475; x_wconf 87' lang='lat' dir='ltr'>perfidiamque,</span> <span class='ocrx_word' id='word_1_201' title='bbox 652 3391 763 3474; x_wconf 89' lang='lat' dir='ltr'>quales</span> <span class='ocrx_word' id='word_1_202' title='bbox 799 3411 841 3455; x_wconf 91' lang='lat' dir='ltr'>ex</span> <span class='ocrx_word' id='word_1_203' title='bbox 876 3392 1052 3456; x_wconf 85' lang='lat' dir='ltr'>Hellenicis</span> <span class='ocrx_word' id='word_1_204' title='bbox 1083 3397 1251 3475; x_wconf 86' lang='lat' dir='ltr'>cognosset</span> <span class='ocrx_word' id='word_1_205' title='bbox 1283 3391 1371 3456; x_wconf 86' lang='lat' dir='ltr'>brevi</span> 
     </span>
     <span class='ocr_line' id='line_1_26' title="bbox 245 3505 1372 3589; baseline -0.002 -20"><span class='ocrx_word' id='word_1_206' title='bbox 245 3511 416 3589; x_wconf 84' lang='lat' dir='ltr'>conspectu</span> <span class='ocrx_word' id='word_1_207' title='bbox 442 3505 519 3568; x_wconf 90' lang='lat' dir='ltr'>dum</span> <span class='ocrx_word' id='word_1_208' title='bbox 543 3509 752 3587; x_wconf 89' lang='lat' dir='ltr'>enumeraret,</span> <span class='ocrx_word' id='word_1_209' title='bbox 771 3524 902 3588; x_wconf 89' lang='lat' dir='ltr'>prorsus</span> <span class='ocrx_word' id='word_1_210' title='bbox 923 3525 988 3568; x_wconf 94' lang='lat' dir='ltr'>non</span> <span class='ocrx_word' id='word_1_211' title='bbox 1008 3524 1137 3569; x_wconf 87' lang='lat' dir='ltr'>curasse</span> <span class='ocrx_word' id='word_1_212' title='bbox 1157 3510 1267 3569; x_wconf 86' lang='lat' dir='ltr'>utrum</span> <span class='ocrx_word' id='word_1_213' title='bbox 1287 3505 1372 3568; x_wconf 89' lang='lat' dir='ltr'>idem</span> 
     </span>
     <span class='ocr_line' id='line_1_27' title="bbox 246 3617 1372 3703; baseline -0.003 -20"><span class='ocrx_word' id='word_1_214' title='bbox 246 3621 339 3683; x_wconf 87' lang='lat' dir='ltr'>etiam</span> <span class='ocrx_word' id='word_1_215' title='bbox 372 3620 531 3702; x_wconf 86' lang='lat' dir='ltr'>regnaret</span> <span class='ocrx_word' id='word_1_216' title='bbox 547 3617 627 3699; x_wconf 79' lang='lat' dir='ltr'>Rex,</span> <span class='ocrx_word' id='word_1_217' title='bbox 651 3618 689 3682; x_wconf 94' lang='lat' dir='ltr'>de</span> <span class='ocrx_word' id='word_1_218' title='bbox 712 3637 776 3701; x_wconf 92' lang='lat' dir='ltr'>quo</span> <span class='ocrx_word' id='word_1_219' title='bbox 800 3618 885 3702; x_wconf 90' lang='lat' dir='ltr'>apud</span> <span class='ocrx_word' id='word_1_220' title='bbox 908 3618 1156 3703; x_wconf 86' lang='lat' dir='ltr'>Xenophontem</span> <span class='ocrx_word' id='word_1_221' title='bbox 1179 3618 1307 3702; x_wconf 86' lang='lat' dir='ltr'>legerat,</span> <span class='ocrx_word' id='word_1_222' title='bbox 1331 3638 1372 3680; x_wconf 89' lang='lat' dir='ltr'>an</span> 
     </span>
     <span class='ocr_line' id='line_1_28' title="bbox 247 3730 1373 3815; baseline -0.004 -17"><span class='ocrx_word' id='word_1_223' title='bbox 247 3734 317 3798; x_wconf 86' lang='lat' dir='ltr'>eius</span> <span class='ocrx_word' id='word_1_224' title='bbox 345 3753 518 3797; x_wconf 89' lang='lat' dir='ltr'>successor.</span> <span class='ocrx_word' id='word_1_225' title='bbox 541 3733 628 3796; x_wconf 89' lang='lat' dir='ltr'>Ante</span> <span class='ocrx_word' id='word_1_226' title='bbox 651 3732 773 3815; x_wconf 89' lang='lat' dir='ltr'>aliquot</span> <span class='ocrx_word' id='word_1_227' title='bbox 798 3752 899 3796; x_wconf 89' lang='lat' dir='ltr'>annos</span> <span class='ocrx_word' id='word_1_228' title='bbox 922 3731 1088 3815; x_wconf 88' lang='lat' dir='ltr'>plebecula</span> <span class='ocrx_word' id='word_1_229' title='bbox 1110 3737 1220 3795; x_wconf 89' lang='lat' dir='ltr'>nostra</span> <span class='ocrx_word' id='word_1_230' title='bbox 1244 3730 1373 3794; x_wconf 86' lang='lat' dir='ltr'>cantile-</span> 
     </span>
     <span class='ocr_line' id='line_1_29' title="bbox 247 3842 1372 3930; baseline -0.004 -21"><span class='ocrx_word' id='word_1_231' title='bbox 247 3848 298 3910; x_wconf 92' lang='lat' dir='ltr'>nis</span> <span class='ocrx_word' id='word_1_232' title='bbox 329 3846 398 3910; x_wconf 89' lang='lat' dir='ltr'>suis</span> <span class='ocrx_word' id='word_1_233' title='bbox 420 3845 652 3930; x_wconf 88' lang='lat' dir='ltr'>Napoleontem</span> <span class='ocrx_word' id='word_1_234' title='bbox 677 3846 837 3908; x_wconf 90' lang='lat' dir='ltr'>exsecrari</span> <span class='ocrx_word' id='word_1_235' title='bbox 861 3842 990 3924; x_wconf 84' lang='lat' dir='ltr'>solebat,</span> <span class='ocrx_word' id='word_1_236' title='bbox 1014 3843 1100 3906; x_wconf 90' lang='lat' dir='ltr'>haud</span> <span class='ocrx_word' id='word_1_237' title='bbox 1122 3849 1283 3927; x_wconf 72' lang='lat' dir='ltr'>reputans</span> <span class='ocrx_word' id='word_1_238' title='bbox 1307 3862 1372 3905; x_wconf 92' lang='lat' dir='ltr'>non</span> 
     </span>
     <span class='ocr_line' id='line_1_30' title="bbox 246 3954 1458 4040; baseline -0.004 -18"><span class='ocrx_word' id='word_1_239' title='bbox 246 3961 311 4022; x_wconf 87' lang='lat' dir='ltr'>iam</span> <span class='ocrx_word' id='word_1_240' title='bbox 335 3959 497 4023; x_wconf 87' lang='lat' dir='ltr'>crudelem</span> <span class='ocrx_word' id='word_1_241' title='bbox 522 3958 616 4021; x_wconf 91' lang='lat' dir='ltr'>illum</span> <span class='ocrx_word' id='word_1_242' title='bbox 640 3962 816 4038; x_wconf 86' lang='lat' dir='ltr'>tyrannum</span> <span class='ocrx_word' id='word_1_243' title='bbox 840 3958 873 4018; x_wconf 92' lang='lat' dir='ltr'>in</span> <span class='ocrx_word' id='word_1_244' title='bbox 897 3955 1061 4018; x_wconf 84' lang='lat' dir='ltr'>Gallorum</span> <span class='ocrx_word' id='word_1_245' title='bbox 1086 3955 1194 4019; x_wconf 86' lang='lat' dir='ltr'>sedere</span> <span class='ocrx_word' id='word_1_246' title='bbox 1215 3954 1373 4037; x_wconf 90' lang='lat' dir='ltr'>solio,sed</span> <span class='ocrx_word' id='word_1_247' title='bbox 1456 4033 1458 4040; x_wconf 12' lang='grc' dir='ltr'><em>γ</em></span> 
     </span>
     <span class='ocr_line' id='line_1_31' title="bbox 247 4068 1084 4153; baseline -0.006 -18"><span class='ocrx_word' id='word_1_248' title='bbox 247 4071 353 4136; x_wconf 88' lang='lat' dir='ltr'>fratris</span> <span class='ocrx_word' id='word_1_249' title='bbox 376 4072 446 4134; x_wconf 89' lang='lat' dir='ltr'>eius</span> <span class='ocrx_word' id='word_1_250' title='bbox 470 4069 584 4153; x_wconf 89' lang='lat' dir='ltr'>filium,</span> <span class='ocrx_word' id='word_1_251' title='bbox 609 4071 770 4133; x_wconf 90' lang='lat' dir='ltr'>hominem</span> <span class='ocrx_word' id='word_1_252' title='bbox 796 4069 929 4132; x_wconf 91' lang='lat' dir='ltr'>minime</span> <span class='ocrx_word' id='word_1_253' title='bbox 953 4068 1084 4131; x_wconf 89' lang='lat' dir='ltr'>malum.</span> 
     </span>
    </p>

    <p class='ocr_par' dir='ltr' id='par_1_3' title="bbox 247 4181 1374 4375">
     <span class='ocr_line' id='line_1_32' title="bbox 291 4181 1374 4268; baseline 0 -22"><span class='ocrx_word' id='word_1_254' title='bbox 291 4184 333 4266; x_wconf 89' lang='lat' dir='ltr'>H,</span> <span class='ocrx_word' id='word_1_255' title='bbox 366 4185 394 4247; x_wconf 84' lang='lat'>9.</span> <span class='ocrx_word' id='word_1_256' title='bbox 424 4182 473 4248; x_wconf 91' lang='lat' dir='ltr'>De</span> <span class='ocrx_word' id='word_1_257' title='bbox 500 4203 608 4268; x_wconf 90' lang='lat' dir='ltr'>pugna</span> <span class='ocrx_word' id='word_1_258' title='bbox 638 4183 724 4267; x_wconf 89' lang='lat' dir='ltr'>apud</span> <span class='ocrx_word' id='word_1_259' title='bbox 758 4181 933 4246; x_wconf 82' lang='lat' dir='ltr'>Coroneam</span> <span class='ocrx_word' id='word_1_260' title='bbox 965 4186 1153 4245; x_wconf 88' lang='lat' dir='ltr'>narraturus</span> <span class='ocrx_word' id='word_1_261' title='bbox 1182 4181 1260 4244; x_wconf 87' lang='lat' dir='ltr'>haec</span> <span class='ocrx_word' id='word_1_262' title='bbox 1284 4199 1374 4263; x_wconf 77' lang='lat' dir='ltr'>prae</span> 
     </span>
     <span class='ocr_line' id='line_1_33' title="bbox 247 4291 1373 4375; baseline -0.004 -15"><span class='ocrx_word' id='word_1_263' title='bbox 247 4295 348 4360; x_wconf 82' lang='lat' dir='ltr'>fatur:</span> <span class='ocrx_word' id='word_1_264' title='bbox 381 4293 432 4358; x_wconf 71' lang='lat' dir='ltr'>aa}</span> <span class='ocrx_word' id='word_1_265' title='bbox 463 4293 521 4375; x_wconf 68' lang='grc' dir='ltr'>γὰρ</span> <span class='ocrx_word' id='word_1_266' title='bbox 544 4293 657 4372; x_wconf 75' lang='grc' dir='ltr'><em>ἐγένετο</em></span> <span class='ocrx_word' id='word_1_267' title='bbox 680 4291 778 4374; x_wconf 74' lang='grc' dir='ltr'><em>οἵαπερ</em></span> <span class='ocrx_word' id='word_1_268' title='bbox 801 4295 853 4360; x_wconf 80' lang='grc' dir='ltr'>οὐκ</span> <span class='ocrx_word' id='word_1_269' title='bbox 876 4292 956 4366; x_wconf 73' lang='grc' dir='ltr'>ἄλλη</span> <span class='ocrx_word' id='word_1_270' title='bbox 980 4296 1036 4356; x_wconf 79' lang='grc' dir='ltr'>τῶν</span> <span class='ocrx_word' id='word_1_271' title='bbox 1059 4293 1110 4374; x_wconf 83' lang='grc' dir='ltr'>ἐφ’</span> <span class='ocrx_word' id='word_1_272' title='bbox 1136 4291 1224 4370; x_wconf 78' lang='grc' dir='ltr'><strong><em>ἡμῶν.</em></strong></span> <span class='ocrx_word' id='word_1_273' title='bbox 1251 4292 1373 4357; x_wconf 84' lang='lat' dir='ltr'>Eadem</span> 
     </span>
    </p>
   </div>
   <div class='ocr_carea' id='block_1_3' title="bbox 0 0 1693 5262">
    <p class='ocr_par' dir='ltr' id='par_1_4' title="bbox 0 0 1693 5262">
     <span class='ocr_line' id='line_1_34' title="bbox 0 0 1693 5262; baseline 0 0"><span class='ocrx_word' id='word_1_274' title='bbox 0 0 1693 5262; x_wconf 95' lang='lat' dir='ltr'> </span> 
     </span>
    </p>
   </div>
  </div>
 </body>
</html>
