3352 5260
872 655 934 720 162

332 841 542 926 pretibusque
573 840 721 906 exhibuit
749 841 927 906 molestias:
958 841 1116 925 equidem,
1149 841 1213 904 nisi
1242 840 1339 924 paulo
1371 860 1457 905 erro-

332 956 461 1038 gcntius
483 955 516 1019 id
540 959 633 1037 esset,
657 960 742 1019 certo
767 973 817 1018 me
841 955 922 1018 scire
944 953 1093 1036 dicerem,
1117 953 1195 1036 quid
1219 954 1260 1018 sit
1278 953 1460 1037 legendum.

334 1067 467 1153 Scripsit
498 1070 584 1133 enim
615 1068 806 1153 Xenophon,
838 1073 873 1133 ut
905 1070 1026 1153 opinor,
1057 1063 1181 1140 διθξειςε
1207 1086 1332 1151 semper
1356 1067 1460 1131 consi·

335 1179 469 1263 derebis,
500 1182 621 1246 nnllam
652 1185 776 1266 praeter
799 1182 881 1245 hunc
903 1200 960 1266 per
982 1184 1083 1245 totam
1107 1181 1206 1244 vitam
1231 1200 1342 1244 curam
1364 1179 1460 1244 hube-

336 1295 395 1358 bis.
427 1293 455 1357 Ε
482 1313 598 1380 magno
622 1295 767 1359 locorum
790 1313 925 1360 numero
948 1295 1035 1358 hunc
1058 1292 1275 1377 Cyropeediae
1297 1293 1459 1358 conferes:

335 1405 352 1478 ἡ
377 1403 465 1485 ψυχή
489 1428 547 1484 μου
570 1410 721 1471 σκοποῦσαι
744 1406 843 1485 διῆκεν
864 1405 908 1488 (L
932 1407 971 1470 V.
995 1425 1021 1470 o.
1045 1411 1076 1489 4,
1102 1407 1164 1485 35).
1392 1469 1396 1476 ,

381 1517 483 1603 Caput
512 1518 554 1600 H,
586 1521 615 1582 8.
645 1517 682 1581 σὺ
712 1517 744 1583 δὲ
774 1516 854 1582 τύσα
883 1515 930 1582 οίει
959 1516 1054 1598 ταύτῃ
1083 1517 1139 1603 (τῇ
1163 1516 1272 1604 ματρί)
1299 1515 1463 1590 δυςοίνεκτα

335 1628 388 1693 καί
417 1637 454 1711 τῇ
478 1635 561 1712 φωνῇ
593 1629 645 1695 καί
668 1638 730 1703 τοῖς
753 1629 844 1711 ἔργοις
866 1631 899 1695 ἐκ
921 1629 1036 1695 ταιδίου
1059 1630 1251 1696 δυσκολαίνων
1274 1628 1326 1695 καί
1351 1628 1463 1707 ἡμέρας

336 1740 388 1806 καί
411 1742 512 1814 νυκτθς
531 1740 702 1824 πράγματα
721 1749 908 1824 ταρασχεῖνς
925 1744 1112 1809 Admodum
1132 1749 1276 1810 contorta
1296 1747 1345 1810 est
1364 1744 1463 1808 huius

336 1857 511 1921 sententiae
535 1862 705 1939 structura,
727 1859 896 1942 risumque
920 1863 1026 1922 movet
1048 1858 1136 1923 istud
1159 1858 1192 1921 ἐκ
1215 1855 1331 1921 ταιδίου
1356 1855 1459 1920 δυσκο·

336 1969 451 2033 καίνειν.
483 1969 594 2034 Eiecto
622 1972 787 2055 participio
818 1969 1021 2043 δυσκολαίνων,
1051 1970 1137 2054 quod
1159 1970 1311 2036 credibile
1334 1975 1382 2035 est
1405 1988 1463 2035 ex-

334 2082 476 2167 plicandi
504 2085 606 2166 gratie
637 2085 671 2147 in
703 2085 846 2168 margine
876 2085 1030 2168 scriptum
1058 2083 1170 2167 fuisse,
1193 2085 1302 2148 omnio
1322 2088 1407 2148 recte
1430 2088 1463 2148 et

337 2197 448 2261 ordine
471 2196 652 2281 procedent.

382 2308 485 2394 Caput
514 2309 574 2392 III,
607 2310 657 2373 17.
687 2307 874 2382 κινδυνεύσεις
903 2305 1048 2383 ἐπιδεῖξαι
1080 2307 1117 2372 σὺ
1148 2307 1204 2387 μὲν
1226 2308 1356 2389 χρηστὸς
1378 2301 1460 2381 εἶναι,

248 2409 251 2414 ’
336 2420 441 2494 ἐκεῖνος
473 2417 504 2485 δὲ
534 2426 662 2502 Φαῦλος.
694 2421 769 2485 Non
798 2441 930 2506 possum
962 2422 1042 2485 mibi
1072 2422 1262 2506 persuadere
1292 2421 1352 2485 hoo
1379 2420 1460 2486 bene

337 2534 495 2599 Graecum
519 2554 605 2615 esse;
630 2541 701 2619 post
723 2535 858 2600 verbum
881 2531 1023 2608 ἐπιδεῖξαι
1047 2555 1112 2599 non
1134 2534 1314 2600 infinitivus
1338 2553 1460 2618 ponen-

337 2646 398 2712 dus
423 2652 498 2729 erat,
522 2648 578 2712 sed
599 2649 801 2732 perticipium
826 2645 880 2722 ιθνς
904 2648 1019 2712 deinde
1042 2648 1199 2712 eiusmodi
1224 2649 1380 2712 sententie
1403 2651 1461 2730 est,

337 2764 374 2824 ut
404 2779 462 2844 pro
491 2763 608 2826 aoristo
639 2756 782 2835 ἐπιδεῖξαι
813 2761 988 2845 perfectum
1019 2766 1185 2845 exspectes
1216 2762 1340 2845 potius:
1366 2761 1460 2824 credo

336 2892 411 2957 ergo
434 2874 514 2938 illud
538 2871 681 2948 ἐπιδεῖξαι
704 2894 769 2938 non
792 2874 1000 2958 Xenophonti
1024 2873 1140 2956 deberi,
1164 2875 1220 2939 sed
1240 2875 1337 2938 alicui
1355 2894 1461 2958 gram·

337 2988 461 3052 metico.
481 2987 581 3052 Verbi
599 2986 766 3052 κινδυνεύειν
785 3007 865 3052 usus
885 3009 1080 3073 quemquam
1100 2990 1223 3053 nemini
1241 2990 1371 3073 ignotus
1391 3008 1461 3054 esse

337 3106 450 3183 potest,
481 3105 586 3166 tamen
619 3120 722 3165 unum
753 3122 771 3167 o
800 3102 934 3166 Platone
964 3103 1069 3166 locum
1101 3102 1213 3184 citabo,
1246 3103 1322 3185 quia
1349 3107 1460 3166 nostro
1485 3186 1488 3190 ,

335 3217 401 3276 tam
427 3214 540 3277 similis
564 3219 628 3278 est:
653 3213 761 3298 Symp.
785 3236 814 3299 p.
841 3215 905 3277 174
929 3213 968 3278 C:
993 3211 1161 3277 κινδυνεύσω
1185 3211 1236 3276 καί
1260 3214 1317 3291 ἐγὼ
1341 3214 1399 3293 οὐχ
1423 3215 1460 3286 ὥς

333 3323 370 3388 σὺ
405 3324 511 3403 λε’γεις,
547 3319 568 3389 ὦ
602 3325 765 3407 Σύκςατες,
800 3325 883 3390 ύλλθι
913 3325 994 3392 κατὰ
1029 3323 1162 3408 ’Όμηρον
1194 3330 1312 3407 Φαύλος
1344 3324 1381 3390 θεν
1408 3323 1475 3391 int

334 3442 428 3518 σοφοῦ
450 3438 551 3519 ἀνδρὸς
575 3437 645 3502 ἰέναι
670 3439 759 3513 θοίνκν
782 3438 921 3514 θκλκτος.

379 3550 480 3636 Caput
501 3552 558 3615 IV.
581 3551 638 3617 Bis
662 3553 705 3634 §⁰
729 3556 758 3636 2,
783 3553 881 3619 semel
904 3554 948 3635 §⁰
971 3555 992 3617 4
1011 3554 1167 3642 eiiciende
1187 3557 1263 3619 sunt
1283 3552 1379 3618 verbu
1394 3551 1461 3633 θρῖον

335 3662 404 3744 ἔφη,
437 3685 501 3749 quo
531 3666 614 3731 facto
643 3667 740 3750 paulo
771 3668 880 3731 minus
902 3667 999 3731 taedii
1020 3666 1162 3731 movebit
1185 3667 1321 3732 huiusce
1345 3668 1460 3752 capitis

338 3779 448 3843 cretio.

382 3891 412 3953 4.
446 3888 488 3954 ἔτι
523 3888 554 3954 δὲ
587 3890 654 3964 τοὺς
688 3891 815 3965 πολλοὺς
849 3895 905 3956 τῶν
938 3888 994 3971 μὲν
1024 3889 1123 3956 σίλλων
1150 3889 1311 3968 κτιςςιύτων
1325 3938 1333 3954 .
1348 3937 1355 3954 .
1371 3938 1399 3955 ..
1425 3891 1460 3956 τὸ

338 4005 446 4078 πλῆθος
470 4002 592 4077 είδθτας,
615 4010 673 4069 τῶν
696 4005 727 4069 δὲ
750 4005 845 4086 φίλων
868 4043 910 4053 -
930 4006 961 4070 ού
983 4003 1067 4083 μθνον
1086 4005 1119 4069 τὸ
1139 4005 1248 4078 πλῆθος
1267 4004 1458 4081 ἀγνοοῦντας,
1531 4067 1534 4071 .

333 4115 418 4181 ἄλλα
440 4117 490 4182 καί
514 4157 556 4165 -
580 4116 760 4196 καταλέγειν
779 4117 1024 4199 ἐγχειρήσαντας,
1044 4113 1091 4189 οὓς
1110 4117 1139 4180 ἕν
1159 4123 1221 4188 τοῖς
1240 4115 1339 4196 Φίλοις
1358 4113 1460 4180 ἔθεσαν

335 4229 425 4296 τύλιν
447 4229 565 4304 τούτους
583 4231 778 4296 ἀνατίθεσθαι.
796 4232 846 4296 Ne
866 4231 1020 4296 Graecum
1043 4232 1172 4315 quidem
1192 4231 1252 4295 hoc
1272 4236 1337 4309 est;
1350 4229 1460 4314 legen·

336 4344 414 4410 dum
436 4342 669 4422 ἀνατιθεμένους,
694 4345 770 4428 quio
792 4363 856 4409 non
876 4346 985 4408 minus
1004 4362 1079 4408 cum
1097 4343 1162 4424 ὁρᾶν
1181 4339 1239 4423 ἔφη
1259 4343 1459 4426 coniungen-
