3348 5262
889 557 953 621 230

356 746 461 805 tamen
485 740 658 806 lectoribus
680 741 766 806 haud
784 743 999 806 iniucundum
1020 745 1150 827 cognitu
1169 743 1236 808 fore
1248 761 1349 827 spero.
1362 743 1478 808 Nullas

355 853 440 918 enim
471 855 506 916 in
538 855 679 937 antiquis
710 854 920 938 scriptoribus
942 855 1086 939 legendis
1110 875 1221 920 ourare
1242 856 1328 921 soleo
1353 861 1478 920 contro-

354 969 484 1048 versias,
518 968 581 1031 nisi
615 985 697 1051 quae
731 985 765 1032 se
799 967 877 1031 mihi
912 969 973 1052 ipsi
1005 968 1154 1033 offerunt:
1180 971 1208 1035 si
1229 971 1264 1032 in
1287 970 1422 1053 legendo
1446 975 1479 1036 et

354 1082 424 1164 ipse
457 1081 570 1145 haereo
605 1085 636 1145 et
664 1080 740 1144 olim
765 1081 844 1146 alios
867 1081 1008 1146 haesisse
1030 1083 1169 1166 invenio,
1192 1089 1299 1148 tamen
1323 1084 1478 1148 recentio-

354 1213 428 1256 rum
462 1193 584 1256 nullius
618 1193 857 1276 disquisitiones
887 1192 1192 1278 lucubrationesque
1214 1196 1371 1279 inspicere
1395 1195 1478 1278 volo,

354 1307 541 1390 priusquam
584 1325 692 1371 meum
732 1306 800 1390 ipse
834 1306 991 1370 iudicium
1026 1307 1232 1372 informarim.
1269 1306 1361 1384 Quod
1397 1309 1478 1372 mihi

352 1421 386 1482 in
418 1418 651 1503 Xenophonteo
683 1416 837 1482 Convivio
861 1419 989 1484 facienti
1013 1421 1136 1504 accidit,
1162 1422 1248 1505 quod
1272 1421 1367 1486 modo
1391 1422 1478 1488 dioe-

354 1531 443 1596 bam:
467 1532 548 1596 illud
572 1551 698 1597 mecum
723 1531 911 1616 statuebam,
936 1534 1024 1617 quod
1044 1553 1120 1598 mox
1139 1534 1326 1619 etHugium
1341 1537 1479 1619 cognovi

355 1648 514 1729 statuisse,
537 1648 630 1710 ouius
654 1647 902 1730 disputationem
925 1646 1035 1730 legens
1058 1648 1122 1712 illis
1145 1648 1211 1713 fere
1232 1649 1307 1713 solis
1324 1649 1480 1714 movebar

355 1761 561 1845 argumentis,
592 1779 674 1843 quae
704 1761 882 1844 plurimum
905 1761 1012 1824 valere
1033 1761 1112 1825 mihi
1136 1763 1205 1845 ipse
1227 1767 1320 1827 antea
1346 1782 1478 1846 persua·

357 1893 468 1938 seram.
492 1873 606 1957 Neque
629 1874 778 1938 lectorem
802 1893 840 1938 ea
862 1893 1053 1959 cognoscere
1072 1877 1254 1959 cupientem
1274 1877 1313 1940 ad
1326 1875 1476 1961 Hugium

359 1988 499 2071 relegare
522 1987 683 2052 volebam:
708 1986 859 2072 putabam
883 1988 978 2070 enim,
997 1989 1025 2052 si
1043 1990 1140 2072 paulo
1153 1991 1313 2073 copiosius
1326 2009 1363 2054 ea
1375 1991 1478 2076 expli-

356 2119 470 2183 carem,
492 2137 534 2148 —
558 2120 632 2165 narn
654 2100 764 2185 Hugio
788 2106 917 2185 propter
936 2121 1083 2186 magnam
1105 2104 1228 2187 copiam
1241 2104 1478 2190 singulaargu·

356 2219 463 2278 menta
495 2233 590 2297 quam
620 2213 807 2278 brevissime
829 2214 1000 2278 indicanda
1021 2214 1153 2280 fuerunt
1176 2253 1217 2262 --
1241 2217 1412 2300 paululum
1435 2219 1478 2282 iis

357 2346 561 2391 accessurum
599 2325 740 2406 roboris;
777 2328 922 2411 meisque
956 2328 1035 2391 mihi
1069 2327 1175 2393 verbis
1209 2334 1370 2413 praeterea
1403 2330 1478 2396 ideo

356 2441 511 2505 utendum
547 2445 621 2517 erat,
656 2441 743 2524 quod
778 2443 872 2505 modo
903 2440 1004 2527 Hugii
1037 2443 1076 2507 de
1100 2463 1165 2508 uno
1189 2444 1352 2529 alteroque
1376 2465 1394 2510 a
1417 2465 1478 2512 sex

354 2554 418 2618 illis
454 2555 649 2638 argumentis
686 2556 843 2618 sententia
876 2555 970 2638 paulo
1000 2556 1079 2620 mihi
1110 2556 1279 2623 videbatur
1301 2557 1478 2643 obscurior,

355 2670 449 2733 modo
472 2670 586 2734 leviter
607 2670 806 2733 immutanda
829 2688 906 2733 esse.

404 3248 649 3328 „Praeclaram”
692 3248 793 3333 Hugii
831 3250 1077 3333 disputationem
1113 3251 1327 3335 appellabam
1361 3258 1391 3317 et
1427 3257 1477 3318 est

356 3361 495 3445 profecto
524 3364 659 3426 summis
682 3361 832 3427 laudibus
856 3363 1060 3458 dignissima.¹
1075 3363 1292 3428 Paucissimae
1315 3383 1476 3430 commen-

355 3476 490 3539 tationes
524 3475 739 3560 Philologicae
772 3478 801 3540 ei
837 3495 929 3560 pares
961 3477 1124 3541 habendae
1153 3484 1238 3560 sunt,
1261 3483 1421 3563 praestare
1445 3482 1475 3545 ei

356 3589 477 3653 nullam
511 3595 598 3674 puto.
634 3589 725 3654 Duae
759 3594 865 3655 temen
901 3609 952 3655 res
982 3596 1069 3674 sunt,
1100 3592 1134 3654 in
1165 3593 1284 3675 quibus
1307 3593 1385 3656 mihi
1408 3613 1474 3656 non

356 3723 488 3787 prorsus
512 3703 680 3768 satisfacit:

400 3816 424 3879 Ι.
455 3816 585 3900 Hugius
616 3816 779 3882 Platonem
813 3823 919 3882 censet
943 3817 1189 3902 Xenophontem
1212 3821 1371 3884 imitatum
1396 3841 1474 3905 esse,

357 3935 388 3994 et
412 3951 513 4013 quum
537 3929 730 3994 Conuiuium
755 3951 849 3994 suum
874 3930 1027 3995 scriberet
1049 3937 1213 3996 externam
1239 3933 1312 3996 libri
1336 3936 1388 3998 sui
1410 3934 1474 3998 for-

356 4063 440 4106 mam
465 4063 482 4106 a
504 4042 720 4128 Xenophonte
743 4062 813 4108 esse
836 4049 1036 4124 mutuatum,
1061 4045 1194 4109 artificia
1217 4047 1373 4129 quaedam
1397 4049 1474 4111 scri-

355 4155 460 4239 bendi,
497 4157 614 4241 quibus
650 4157 703 4222 ille
735 4177 815 4222 usus
846 4163 937 4238 esset,
959 4160 993 4221 in
1023 4178 1119 4222 suum
1143 4179 1238 4223 usum
1262 4163 1473 4242 convertisse,

358 4289 440 4353 quae
462 4270 517 4334 ille
541 4270 643 4335 obiter
664 4271 884 4335 tantummodo
906 4272 1078 4338 indicasset
1100 4293 1174 4337 oum
1198 4292 1275 4338 cura
1298 4276 1474 4358 etcopiose
