3348 5262
708 1593 875 1670 CAPUT
902 1593 1096 1671 NONUM.

561 1839 605 1909 ne
627 1839 851 1927 xenophontis
875 1837 1028 1910 canuno
1053 1839 1244 1928 disputatio.

805 2128 1001 2142 *-

386 2370 484 2436 Haud
508 2370 673 2435 defuturos
697 2370 799 2452 credo,
823 2369 942 2454 quibus
960 2372 1116 2436 ridiculus
1135 2373 1254 2455 videar,
1273 2374 1368 2456 quod,
1381 2393 1465 2458 quae

341 2487 424 2548 inter
458 2484 683 2567 Xenophontis
714 2483 922 2568 Platonisque
953 2483 1145 2549 Convivium
1175 2487 1352 2550 intercedat
1373 2489 1464 2569 ratio,

342 2599 419 2662 satis
443 2617 603 2682 superque
626 2598 877 2662 demonstratum
902 2617 971 2663 esse
990 2618 1055 2662 non
1074 2599 1259 2683 intelligam.
1271 2598 1312 2663 Et
1324 2600 1464 2683 proiecto

342 2715 389 2774 tot
417 2712 481 2774 iam
513 2710 552 2774 de
582 2711 637 2773 illa
662 2712 849 2794 quaestione
872 2712 1007 2795 scriptae
1030 2711 1197 2796 editaeque
1220 2717 1297 2776 sunt
1320 2715 1465 2798 paginae,

343 2830 379 2887 ut
410 2826 496 2888 viros
519 2824 628 2888 doctos
651 2825 827 2888 multorum
850 2823 1005 2888 librorum
1029 2825 1268 2908 multarumque
1290 2825 1466 2909 literarum,

343 2939 400 3021 qui
422 2939 624 3021 praecipuam
647 2937 854 3021 Xenophonti
877 2936 1069 3022 Platonique
1092 2956 1219 3021 operam
1243 2943 1364 3001 navant
1384 2938 1463 3004 nihil

342 3052 427 3132 novi,
463 3050 549 3133 quod
579 3050 618 3114 ad
649 3069 718 3114 eam
742 3051 907 3134 pertineat
930 3068 982 3114 me
1005 3050 1118 3114 dooere
1139 3070 1234 3134 posse
1258 3053 1464 3134 persuasissi-

342 3184 433 3227 mum
462 3164 542 3227 mihi
573 3166 623 3228 sit.
646 3164 691 3227 Ut
713 3168 819 3228 tamen
845 3162 973 3228 brevem
999 3163 1037 3228 de
1061 3183 1099 3228 ea
1121 3164 1272 3229 hocloco
1295 3165 1464 3230 instituam

343 3278 590 3359 disputationem
626 3275 752 3340 duabus
786 3278 972 3361 praesertim
1008 3277 1149 3341 adducor
1180 3279 1295 3342 causis.
1319 3277 1464 3354 Quarum

344 3390 441 3454 altera
464 3394 520 3471 est,
543 3390 630 3472 quod
653 3427 693 3436 -
717 3390 752 3453 id
771 3390 857 3473 quod
875 3390 955 3452 mihi
967 3390 1139 3454 admodum
1151 3392 1269 3455 mirum
1281 3393 1408 3456 videtur
1421 3429 1462 3438 ——

343 3505 486 3569 nondum
519 3504 704 3587 diremptam
737 3503 985 3567 controversiam
1016 3521 1095 3584 esse,
1119 3503 1176 3566 sed
1202 3505 1385 3568 etiamnunc
1408 3505 1465 3568 ali-

344 3638 440 3702 quam
475 3622 595 3681 restare
628 3616 860 3680 dubitationem
890 3617 1041 3700 cognovi,
1073 3616 1171 3680 altera
1202 3617 1287 3701 quod
1318 3617 1463 3702 plerique

344 3751 463 3813 eorum,
488 3732 544 3813 qui
566 3729 815 3813 Xenophontem
836 3728 940 3813 legere
964 3728 1075 3810 solent,
1098 3730 1158 3793 hoc
1181 3733 1306 3794 tantum
1330 3730 1462 3794 consilio

345 3847 414 3909 eius
436 3843 544 3926 libros,
567 3849 663 3928 atque
679 3862 760 3926 ,prae
783 3843 894 3906 ceteris
917 3840 1084 3906 Anabasin
1104 3846 1136 3906 et
1154 3841 1381 3914 Memorabilia,
1392 3861 1462 3926 per-

343 3960 486 4040 volvunt,
509 3963 547 4021 ut
569 3977 623 4021 eos
647 3976 742 4039 quam
767 3956 1004 4020 accuratissime
1026 3955 1192 4039 discipulis
1215 3957 1283 4019 suis
1304 3956 1464 4039 explicent

344 4079 375 4137 et
404 4074 662 4155 interpretentur,
692 4070 748 4134 sed
778 4071 810 4132 in
833 4055 1019 4134 remotiores
1043 4068 1259 4152 descriptore
1283 4074 1464 4132 controver-

345 4188 464 4251 siarum
495 4203 641 4249 recessus
667 4189 831 4266 penetrare
854 4201 960 4266 neque
982 4182 1097 4245 volunt
1119 4200 1225 4265 neque
1248 4183 1463 4248 necessarium

344 4319 413 4364 esse
437 4301 615 4384 opinantur.
635 4296 719 4362 Satis
742 4297 861 4361 multos
884 4315 958 4381 ergo
981 4296 1146 4360 literarum
1165 4294 1357 4360 Graecarum
1375 4315 1465 4379 prae·
