3330 5262
870 607 934 670 370

332 798 468 878 possunt
490 811 586 877 quam
610 791 634 856 σί
656 788 758 872 μύριοι,
784 790 934 855 detractis
957 793 997 854 iis
1025 789 1134 874 copiis,
1160 811 1241 875 quas
1263 793 1327 854 iam
1351 794 1461 856 statim

332 904 530 970 Eudamidas
574 923 684 969 secum
720 903 865 968 duxerat.
899 903 1075 987 Exspeetes
1112 908 1229 984 autem,
1263 906 1319 966 σῶν
1354 903 1461 983 μυρίων

333 1024 423 1104 parte
452 1018 560 1102 aliqua
591 1018 630 1082 ad
660 1015 863 1081 obtinendam
889 1015 1058 1081 Cadmeam
1082 1016 1197 1081 Thebis
1220 1017 1339 1100 relicta,
1364 1018 1461 1101 epho-

334 1152 388 1198 ros
419 1132 676 1216 supplementum
710 1133 955 1215 conscripsisse:
987 1150 1044 1214 pro
1068 1150 1105 1194 eo
1128 1149 1217 1194 nuno
1243 1130 1323 1215 legis
1346 1133 1463 1196 missos

333 1249 398 1311 iam
429 1245 527 1312 semel
558 1243 624 1316 τοὺς
657 1242 773 1324 μυρίους
797 1246 915 1309 iterum
940 1246 1031 1308 mitti.
1053 1242 1242 1308 Praefioitur
1266 1251 1373 1308 autem
1395 1244 1462 1309 illis

232 1341 234 1346 ’
335 1361 435 1444 copiis
457 1359 632 1424 Teleutias:
658 1357 737 1441 quid
761 1375 835 1441 ergo
859 1356 1021 1422 Phoebida
1043 1356 1103 1420 fit?
1127 1355 1210 1421 Nam
1231 1357 1316 1440 quod
1337 1362 1463 1440 praeter

334 1470 582 1556 Xenophontem
612 1489 722 1535 omnes
754 1469 808 1533 alii
838 1471 1009 1554 scriptores
1033 1475 1171 1552 narrant,
1196 1469 1377 1534 Phoebidas
1400 1471 1463 1534 im·

333 1586 457 1669 perium
487 1584 680 1668 ademptum,
711 1584 883 1667 ipsumque
906 1583 1042 1666 pecunia
1066 1583 1237 1646 multatum
1262 1601 1331 1646 esse
1356 1581 1461 1663 (Diod.

335 1696 408 1782 XV,
434 1699 486 1780 20,
510 1699 539 1779 3,
561 1697 646 1762 Plut
670 1696 735 1760 Pel.
761 1697 790 1779 6,
815 1695 906 1760 Oorn.
929 1695 1038 1780 Nepos
1061 1694 1127 1760 Pel.
1151 1697 1181 1780 2,
1199 1696 1284 1760 Plut.
1304 1695 1382 1760 Mor.
1401 1696 1463 1779 ΠΙ,

337 1813 365 1895 1,
397 1812 461 1874 323
492 1807 604 1891 Wytt),
634 1808 667 1872 id
699 1814 756 1873 aut
784 1809 903 1874 falsum
934 1816 982 1874 est
1012 1815 1068 1874 aut
1091 1830 1110 1873 a
1130 1808 1345 1894 Xenophonte
1367 1810 1464 1874 dissi-

336 1925 485 1989 mulatur.
522 1923 802 1988 Absurdissimum
841 1929 947 1988 autem
988 1924 1048 1988 hoo
1082 1929 1131 1988 est
1166 1924 1252 2006 quod
1286 1923 1463 1988 Teleutiam

336 2040 497 2103 mittentes
526 2039 635 2122 ephori
667 2040 770 2102 socios
801 2038 913 2102 iubent
943 2038 1108 2102 ἀκολουθεῖν
1138 2037 1287 2120 Τελευσίρι
1316 2036 1397 2101 κοινοὶ
1429 2039 1463 2102 τὸ

336 2151 437 2230 δίμμοο
459 2155 515 2214 σῶν
538 2149 729 2230 συμμοίχονι
755 2152 840 2216 unde
861 2171 936 2236 ergo
956 2151 1109 2216 collectus
1129 2157 1196 2216 erat
1214 2154 1384 2234 exercitus,
1404 2153 1463 2234 qui

335 2271 468 2330 vocetur
499 2263 522 2328 οἱ
552 2262 774 2343 ὑπολειφθέντες
796 2266 848 2328 πού
871 2263 1071 2341 Eteoclea?
1095 2263 1212 2328 Nonne
1235 2283 1277 2328 ex
1300 2266 1460 2328 sociorum

335 2376 650 2443 contributionibus?
682 2375 724 2440 nt
754 2376 828 2441 illae
857 2396 966 2442 nonne
995 2379 1060 2441 iam
1083 2396 1158 2441 oum
1182 2376 1346 2441 Phoebida
1371 2384 1463 2441 erant

336 2489 517 2575 profectae?
560 2488 644 2565 Quid
686 2509 761 2574 ergo
802 2492 919 2554 iterum
962 2492 1090 2556 eaedem
1133 2490 1172 2554 ab
1212 2492 1325 2556 iisdem
1366 2494 1463 2557 sociis

336 2603 563 2688 postulantur?
601 2601 732 2666 Nullam
771 2623 915 2687 unquam
948 2604 1014 2668 vidi
1049 2605 1262 2670 narrationem
1297 2610 1363 2668 tam
1400 2605 1464 2669 sibi

337 2717 570 2801 obloquentem.

379 2831 421 2914 Π,
447 2833 497 2894 38.
519 2830 678 2895 Teleuties
701 2828 831 2894 σπεύδων
856 2830 910 2906 μὲν
935 2832 966 2894 οὐ
991 2830 1080 2908 μύλοι
1103 2830 1258 2912 ἐπορεύετο,
1280 2831 1458 2910 ἐπιμελόμε-

336 2967 381 3016 νος
403 2941 435 3007 δὲ
457 2947 508 3007 πού
532 2941 575 3020 μὴ
597 2943 704 3006 οὶδικῶν
727 2941 793 3015 τοὺς
812 2943 918 3024 φίλους
938 2943 1101 3024 πορεύεσθοιι
1121 2943 1173 3009 κοιθ
1193 2949 1245 3009 ποῦ
1265 2947 1302 3018 ὡς
1318 2946 1462 3020 πλείστην

323 3056 460 3134 -δύυοομιυ
490 3054 634 3137 οίθροίζειν.
666 3057 716 3120 Ita
748 3056 868 3121 Graece
898 3077 992 3122 nemo
1023 3077 1168 3141 unquam
1191 3059 1319 3124 loeutus
1344 3065 1400 3143 est,
1423 3067 1462 3124 ut

312 3201 315 3208 ·
337 3174 465 3256 opinor:
490 3169 644 3251 ἐπορεύετο,
668 3169 878 3248 ἐπιμελόμενος
897 3173 947 3234 τοῦ
960 3218 967 3233 .
982 3218 988 3232 .
1004 3217 1033 3233 ..
1055 3169 1228 3251 πορεύεσθοιι.
1250 3171 1365 3237 Delete
1384 3193 1461 3257 ergo

336 3282 501 3364 πορεύεσθοιι
532 3283 668 3348 scribam
697 3280 907 3360 ἐπιμελόμενος
930 3282 961 3347 δὲ
983 3286 1033 3346 τοῦ
1056 3281 1099 3361 μθι
1123 3282 1233 3347 οὶδιιιείν
1255 3282 1321 3356 σοὺς
1344 3283 1459 3364 Φίλυος.

381 3397 428 3464 Ih.
459 3397 617 3462 Tolentias
648 3398 745 3460 mittit
776 3397 817 3461 ad
846 3397 1032 3478 Amyntam,
1062 3399 1091 3462 is
1122 3398 1207 3461 enim
1232 3397 1271 3461 ab
1298 3396 1461 3479 Olynthiis

337 3516 462 3576 tantum
487 3529 550 3574 non
575 3527 593 3573 e
615 3528 714 3592 regno
737 3528 797 3572 suo
822 3511 942 3574 eiectus
964 3515 1040 3592 erat,
1064 3508 1104 3573 ab
1128 3528 1231 3592 eoque
1254 3510 1402 3594 postulat,
1424 3518 1462 3574 ut

337 3625 573 3690 mercennarios
609 3623 775 3706 conducat,
805 3622 1017 3707 finitimisque
1048 3622 1178 3706 regibus
1208 3625 1375 3706 pecuniam
1408 3625 1462 3690 det

338 3738 375 3810 ὡς
403 3736 464 3822 (an
489 3733 607 3822 ύσσεθ)
634 3732 820 3813 συμμάχους
842 3728 922 3808 εἷνοιι,
946 3732 1021 3815 εθπερ
1044 3733 1178 3812 βούλοιτο
1200 3732 1253 3807 τὴν
1271 3734 1366 3816 ἀρχὴν
1385 3736 1460 3799 σίνοι-

337 3849 453 3928 auerte.
475 3847 593 3928 ἔπεμπε
612 3848 643 3913 δὲ
660 3845 715 3912 «κοιθ
734 3847 803 3927 πρὸς
824 3845 935 3927 Δέρθοιν
947 3847 995 3912 σὸν
1008 3847 1149 3925 Ἐλιμθοος
1161 3845 1304 3928 σ’ύρχοντοο,
1317 3847 1462 3913 bubulorum

337 3959 379 4026 ύπι
410 3963 434 4027 οἱ
463 3961 606 4028 Ὀλύνθιοι
636 3959 891 4041 κοιπεσπροομμὲνοι
922 3959 975 4033 τὴν
1005 3959 1095 4040 μείζω
1126 3959 1249 4039 δύναμιν
1273 3961 1461 4036 Μακεδονίας

336 4075 398 4150 είσί,
427 4074 476 4140 κού
506 4077 558 4140 οὐκ
580 4073 719 4148 οίνύσονσί
740 4073 793 4147 σὺν
816 4072 940 4147 ἐλύπτυ,
966 4074 989 4139 εί
1012 4074 1055 4153 μή
1078 4098 1124 4146 σις
1147 4073 1254 4146 οιύσούς
1278 4075 1383 4140 ποιύσει
1404 4084 1461 4150 τῆς

307 4182 308 4187 ’
336 4187 453 4269 ὕβρεος.
485 4190 701 4275 Opponuntur
730 4191 814 4255 inter
844 4209 877 4254 se
907 4193 1069 4272 Amyntae
1097 4195 1130 4256 'et
1161 4189 1287 4255 Dardae
1309 4209 1456 4275 regnum,

338 4309 433 4388 atque
456 4305 542 4368 huno
566 4305 612 4369 sio
634 4303 783 4390 admonet
804 4303 979 4392 Teleutias:
1007 4301 1181 4385 „Olynthii
1203 4303 1365 4385 Amyntae
1389 4324 1462 4389 reg-
