3352 5260
750 608 813 672 145

217 793 455 879 Spartanorum,
484 794 512 856 si
540 793 694 878 gravibus
727 795 824 858 armis
846 795 995 858 instructi
1018 793 1210 876 Scytharum
1231 797 1340 862 incur-

217 906 362 972 sionibus
397 905 522 970 fortiter
557 907 736 972 resistunt?
771 907 813 971 Et
848 908 920 991 quis
955 908 1062 973 credat
1091 908 1340 994 Xenophontem

217 1022 383 1105 scripsisse
416 1020 453 1083 έν
489 1016 623 1093 πέλταις,
658 1021 695 1084 έν
729 1019 878 1093 ἀκοντίοις,
912 1021 927 1084 ε’
934 1044 948 1084 ν
978 1017 1071 1096 τόξοις
1095 1021 1338 1103 διαγωνίζεσθαιῖ

216 1135 336 1211 Iudaei,
360 1139 397 1197 ut
420 1136 541 1218 opinor,
565 1135 612 1198 sio
636 1133 754 1200 Graece
776 1135 965 1218 loquuntur.
999 1163 1001 1166 ·

260 1248 338 1312 Post
357 1246 487 1327 ἀνδρείαν
507 1249 654 1332 sequitur
672 1247 859 1329 σωφροσύνης
872 1255 903 1314 et
915 1248 1022 1330 σοφίας
1034 1249 1176 1315 definitio
1189 1253 1219 1335 (ἓ
1232 1253 1340 1336 4-7),

216 1367 328 1447 estque
349 1365 378 1427 is
402 1362 493 1427 locus
516 1364 719 1447 praecedenti
742 1365 837 1428 etiam
856 1364 995 1428 inferior.
1014 1363 1126 1448 inepte
1146 1365 1265 1449 11112,
1279 1366 1338 1430 50:

217 1472 374 1556 Σωκροίτης
405 1474 436 1539 δὲ
465 1474 514 1539 τδν
541 1474 596 1553 μὲν
618 1474 752 1553 ἀμαθίας
775 1473 859 1540 ένεκα
882 1473 1064 1553 δεσμεύοντα
1087 1476 1203 1550 δικαίως
1226 1475 1263 1542 θον
1287 1475 1338 1542 καὶ

215 1588 303 1654 αὐτὸν
325 1588 394 1668 ᾤετο
417 1586 546 1653 δεδέσθαι
572 1588 626 1653 ὑπὸ
649 1592 705 1652 τῶν
727 1588 929 1667 ἐπισταμένων
952 1588 973 1654 ἀ
997 1587 1040 1667 μὴ
1061 1589 1149 1663 αὐτὸς
1170 1589 1339 1656 ἐπίσταται·

215 1699 267 1766 καὶ
290 1705 346 1766 τῶν
369 1699 501 1766 τοιούτων
521 1699 605 1766 ἕνεκα
625 1699 770 1775 πολλοίκις
782 1699 896 1766 ε’σκίπει
909 1701 939 1766 τί
949 1701 1076 1783 διαφέρει
1088 1703 1200 1782 μανίας
1211 1704 1337 1782 ἀμαθία

193 1814 266 1880 καί
298 1815 366 1888 τοὺς
401 1816 455 1892 μὲν
490 1813 682 1894 μαινομένους
717 1815 785 1896 ᾤετο
820 1816 1027 1897 συμφερόντως
1057 1815 1093 1880 ἀν
1124 1815 1254 1883 δεδέσθαι
1286 1817 1338 1883 καὶ

217 1929 320 2000 αὐτοῖς
344 1925 480 2000 καὶτοῖς
503 1928 609 2018 φίλοιο,
633 1927 700 2001 τοὺς
719 1928 750 1992 δὲ
770 1927 813 2006 μὴ
833 1927 1045 2006 ἐπισταμένους
1056 1928 1097 1993 τά
1108 1928 1210 1995 δέοντα
1222 1930 1338 2004 δικαίως

215 2040 251 2107 ἀν
286 2039 440 2120 μανθοίνειν
475 2041 557 2123 παρά
587 2045 643 2107 τῶν
672 2041 883 2120 ἐπισταμένων,
913 2045 1064 2109 translata
1088 2046 1239 2110 videntur
1260 2047 1338 2111 haec

217 2155 315 2221 verba
350 2156 380 2238 (ᾗ
415 2155 463 2235 6):
499 2154 608 2232 μανίαν
634 2179 671 2233 γε
692 2153 752 2234 μὴν
775 2155 899 2219 ε’ναντίον
924 2155 979 2232 μὲν
1002 2153 1060 2236 ἔφη
1085 2150 1155 2220 εἶναι
1178 2156 1280 2240 σοφία,
1305 2159 1337 2222 ού

213 2267 312 2346 μέντοι
341 2292 378 2348 γε
406 2266 459 2340 τὴν
492 2266 764 2346 ἀνεπιστημοσύνην
788 2267 897 2346 μανιάν
920 2265 1041 2349 ένίμιζε.
1067 2269 1138 2334 lilio
1160 2273 1246 2335 enim
1268 2273 1338 2355 ipsa

215 2383 442 2448 demonstratio
465 2402 536 2447 eam
561 2381 699 2448 Socratis
719 2383 893 2447 doctrinam
913 2385 1055 2467 requirit,
1067 2384 1119 2448 hio
1139 2387 1336 2451 veronullus

216 2499 245 2562 ei
278 2498 369 2563 locus
405 2503 460 2562 est.
496 2496 558 2561 Sed
594 2499 724 2561 omnino
759 2516 879 2580 eorum,
912 2518 993 2582 quae
1024 2499 1043 2580 ἕ
1073 2500 1159 2583 4-1
1184 2500 1338 2584 leguntur

214 2610 445 2677 absurdissima
485 2615 533 2675 est
574 2612 690 2675 oratio:
727 2632 791 2695 qua
825 2613 911 2676 enim
944 2613 1068 2676 rationo
1103 2613 1332 2678 demonstratio

212 2726 361 2809 procedat
391 2725 656 2790 obscurissimum
686 2730 750 2790 est:
775 2745 849 2789 nam
874 2726 953 2809 quid
978 2763 1020 2772 -
1043 2731 1080 2790 11
1102 2727 1161 2790 hoc
1185 2727 1332 2813 exemplo

212 2844 285 2904 utar
313 2876 354 2886 -
379 2839 439 2904 sibi
461 2839 575 2904 volunt
597 2840 675 2903 hoec
699 2858 716 2904 e
740 2839 759 2921 ξ
784 2841 803 2902 5
826 2839 939 2904 verba:
963 2835 1035 2902 ούτω
1058 2837 1110 2902 καὶ
1134 2838 1174 2903 τά
1198 2837 1280 2904 καλά
1302 2864 1336 2904 τε

212 2949 264 3016 καὶ
294 2951 335 3016 τά
364 2951 466 3030 ἀγαθά
489 2951 556 3024 τοὺς
579 2951 634 3029 μὲν
658 2951 767 3033 σοφοὺς
790 2949 927 3032 προίττειν
960 2951 1027 3024 τοὺς
1051 2951 1082 3016 δὲ
1106 2952 1148 3029 μὴ
1172 2951 1281 3033 σοφοὺς
1304 2955 1335 3018 ού

212 3065 359 3139 δύνασθαι,
384 3065 467 3130 ἀλλά
490 3064 541 3130 καὶ
564 3065 615 3130 ε’ἀν
633 3067 801 3147 ἐγχειρῶσιν
821 3063 1024 3147 ἀμαρτύνεινῗ
1045 3066 1088 3131 nt
1106 3087 1262 3151 quorsum
1273 3069 1336 3133 ista

211 3183 267 3242 τῶν
298 3182 414 3244 πολλῶν
439 3181 546 3265 opinio
569 3181 715 3246 affertur:
739 3179 806 3253 τοὺς
829 3177 927 3258 μέντοι
950 3179 1077 3253 πολλούς
1101 3219 1143 3228 -
1167 3200 1271 3266 usque
1295 3183 1335 3246 ad

212 3292 250 3376 §i
280 3294 297 3356 1
332 3294 454 3359 finem?
489 3294 551 3359 Sed
584 3295 677 3379 pluro
710 3294 853 3359 indicare
887 3294 1007 3360 taedet:
1040 3313 1122 3378 quae
1152 3297 1238 3360 enim
1270 3296 1332 3377 §7

212 3406 388 3472 afferuntur
424 3406 533 3485 μανίας
568 3408 722 3492 exempla,
753 3414 818 3473 tam
849 3410 957 3494 inepta
984 3413 1069 3492 sunt,
1094 3414 1131 3473 ut
1154 3411 1276 3474 nemini
1298 3411 1334 3474 in

211 3527 351 3586 mentem
376 3524 484 3587 venire
506 3523 638 3607 possint,
662 3523 725 3587 nisi
749 3524 805 3606 qui
829 3528 884 3586 aut
906 3524 975 3607 ipse
993 3524 1141 3605 insaniat,
1154 3529 1210 3588 aut
1228 3525 1332 3588 omnis

211 3635 253 3699 sit
275 3635 449 3720 elegantiae
472 3655 595 3720 expers.

255 3749 274 3830 ξ
306 3750 335 3812 8.
369 3748 514 3815 Invidiae
548 3749 764 3814 definitionem
799 3750 851 3814 hio
880 3751 980 3814 inseri
1010 3768 1113 3833 nemo,
1143 3756 1181 3814 ut
1213 3750 1334 3834 opinor,

213 3882 279 3927 non
303 3864 445 3928 miretur.

256 3977 274 4058 ξ
300 3977 319 4038 9
342 3975 513 4040 absurdius
536 3979 629 4041 etiam
655 3982 712 4059 est,
737 3976 822 4060 quod
846 3975 884 4039 ab
909 3976 1033 4039 invidia
1050 3975 1156 4040 subito
1178 3976 1332 4040 adotium

209 4087 372 4171 transitur,
405 4090 617 4174 ineptumque
647 4090 734 4154 hunc
763 4089 870 4153 locum
901 4108 971 4153 esse
994 4107 1087 4153 nemo
1111 4089 1248 4173 negabit,
1274 4089 1331 4173 qui

209 4223 333 4269 memor
356 4205 397 4268 sit
417 4204 623 4288 pulcherrimi
646 4204 707 4268 loci
730 4203 755 4284 I,
780 4204 809 4285 2,
834 4203 884 4286 57,
904 4202 960 4266 ubi
981 4202 1164 4287 disputatur
1183 4203 1330 4268 deversu

208 4318 385 4384 Hesiodeoz
410 4314 489 4395 ἔργον
512 4316 538 4382 δ’
563 4316 643 4381 οὐδὲν
666 4314 778 4388 ὄνειδος,
801 4313 900 4396 ἀεργίη
927 4314 958 4378 δέ
981 4315 1009 4378 τ’
1033 4313 1144 4388 θνειδος.

1197 4424 1231 4478 10
