3354 5268
742 637 782 700 73

206 819 281 884 οοθθο
303 825 387 885 recte
409 840 483 886 cum
507 821 665 886 infinitivo
685 824 868 907 iungantur.
891 821 1320 908 Corruptumautemlocum

207 953 278 1000 esse
307 954 349 1000 cx
379 954 416 1001 co
440 941 576 1020 apparet,
600 936 686 1020 quod
708 937 742 1000 in
765 936 927 1020 plerisque
950 936 1113 1001 codicibus
1136 943 1185 1003 est
1207 935 1321 1014 βουλοί-

208 1049 285 1126 μεθα
308 1069 365 1132 pro
388 1047 571 1125 βουλώμεθα.

252 1161 295 1225 nt
324 1157 399 1224 ύστε
429 1167 459 1226 et
486 1159 522 1224 θον
546 1162 745 1245 eliciendum,
769 1167 800 1227 et
821 1183 878 1246 pro
902 1163 1105 1227 coniunctivo
1128 1164 1323 1228 indicativus

208 1275 362 1358 legendus
396 1280 444 1339 est
476 1273 572 1359 Hipp.
603 1274 675 1358 VII,
710 1276 767 1338 ll:
799 1274 848 1338 καὶ
877 1277 906 1339 ἐν
936 1274 1095 1352 διαβύσεσθ
1115 1274 1150 1353 με’
1173 1277 1276 1340 ἐστι..
1292 1323 1321 1339 ..

209 1385 434 1465 ταμιεύσασθαι,
459 1385 542 1461 ὥστε,
563 1385 674 1460 θπθσοις
693 1386 728 1451 θον
750 1386 894 1465 βούληται
906 1392 962 1452 τῶν
973 1388 1127 1466 πολεμίων,
1140 1388 1322 1453 ἐπιτίθεσθαι.

208 1502 373 1566 Audacem
407 1521 457 1566 me
488 1486 561 1567 'esse
594 1503 705 1584 sentio,
736 1502 792 1566 sed
826 1502 978 1566 audacem
1010 1522 1061 1566 me
1091 1503 1166 1567 fecit
1188 1503 1324 1568 idoneus

210 1621 321 1680 auctor
351 1614 570 1697 Thucydides:
603 1635 707 1699 neque
736 1615 922 1680 incredibile
947 1617 1083 1698 videtur,
1106 1618 1141 1680 in
1163 1618 1324 1681 locutione

210 1729 306 1815 paulo
330 1731 546 1814 exquisitiore,
569 1734 600 1794 et
621 1730 660 1792 ad
679 1734 763 1794 recte
774 1729 1018 1813 intelligendum
1030 1730 1128 1813 paulo
1141 1729 1325 1814 difficihorc,

211 1864 230 1908 a
253 1863 328 1908 vero
352 1843 515 1909 aberrasse
536 1844 766 1928 grammaticos

255 1955 376 2021 Locum
410 1957 645 2038 Plutarcheum,
680 1975 775 2039 quem
805 1958 953 2040 apposuit
982 1956 1229 2020 Bornemannus
1261 1976 1326 2021 non

211 2077 348 2155 tangam.
379 2069 572 2134 Plutarchus
603 2071 688 2134 enim
717 2069 762 2132 ibi
793 2071 896 2133 activo
918 2067 1066 2146 ταμιεύειν
1089 2089 1158 2134 eam
1181 2073 1248 2134 vim
1270 2073 1326 2135 tri-

211 2184 290 2267 buit,
314 2203 395 2267 quae
420 2205 439 2247 a
460 2183 547 2265 locis,
571 2182 745 2266 dequibus
766 2203 863 2266 supra
883 2183 1022 2247 vidimus
1034 2185 1170 2248 nimium
1183 2185 1323 2249 recedat:

211 2300 281 2363 eius
326 2297 424 2362 verba
465 2302 555 2361 sunt:
591 2295 708 2360 συνιδὼν
741 2294 754 2359 ὃ
789 2294 941 2372 Τιμολέων
975 2296 1023 2360 τὸν
1058 2298 1193 2374 ποταμθν
1226 2299 1327 2371 αὐτοῖς

211 2409 400 2488 ταμιεύοντα,
430 2414 481 2475 τοῦ
511 2409 637 2483 πλήθους
660 2413 716 2473 τῶν
739 2409 885 2486 πολεμίων
907 2408 1085 2487 οὶπολαβεῖν,
1110 2407 1183 2482 ύσοις
1209 2409 1326 2474 ἐθέλοιεν

212 2524 293 2588 αὐτοὶ
323 2521 486 2604 μύχισθαι,
516 2526 536 2588 i.
557 2543 582 2588 e.
614 2523 749 2589 verbum
771 2522 947 2599 ύπολαβεῖν,
973 2524 1059 2608 quod
1081 2525 1114 2588 in
1138 2522 1325 2602 ταμιεύεσθαι

211 2639 310 2703 latero
334 2638 421 2721 solet,
443 2641 657 2709 πλεοναστικῶς
680 2638 775 2702 addit.

256 2751 296 2834 V,
318 2753 361 2815 24
384 2752 489 2824 ούκούν,
514 2747 584 2831 ἔφη,
608 2747 706 2822 οἵτινες
726 2748 857 2814 τοιούτων
877 2749 949 2826 ύμῖν
968 2751 998 2822 ἔς
1010 2749 1113 2830 φιλίαν
1126 2747 1327 2832 ὑπαρχόντων,

214 2869 361 2946 πειρῶνται
395 2863 607 2941 διαβάλλοντες
642 2872 758 2937 ποιῆσαι
792 2863 947 2940 πολεμίους
978 2865 1069 2940 ύμοῖς,
1100 2860 1176 2938 ούξιοθ
1206 2865 1257 2928 εἶσι
1288 2865 1329 2929 τθι

214 2976 335 3057 ἔσχατα
363 2979 484 3053 παθεῖν;
515 2977 633 3042 Parum
666 2979 778 3041 attinet
804 2977 893 3040 cuius
913 2979 1034 3059 ροωονθε
1057 2997 1172 3042 causae
1194 2979 1266 3043 illae
1289 2980 1329 3043 ad

215 3095 384 3158 amicitiam
416 3091 610 3178 iungendam
642 3093 896 3176 servandamque
928 3093 1000 3174 sint,
1032 3092 1088 3156 sed
1117 3111 1159 3156 ex
1182 3111 1218 3158 eo
1243 3094 1329 3176 quod

214 3207 330 3271 multoe
349 3227 520 3289 ρνοοοεοωο
543 3211 627 3290 sunt,
651 3207 806 3289 sequitur,
827 3205 909 3287 illua,
934 3207 990 3288 qui
1009 3207 1193 3270 inimicitias
1214 3211 1330 3288 serant,

215 3340 317 3406 poena
358 3321 471 3405 dignos
505 3339 582 3384 esse.
617 3319 689 3383 Non
724 3339 798 3403 ergo
821 3316 952 3383 τοιούτων
987 3319 1158 3408 legendum
1191 3325 1239 3384 est
1274 3320 1338 3384 sed·

215 3432 364 3499 τοσούτων.
402 3433 589 3498 Conferatur
622 3432 752 3498 Memor.
787 3432 829 3515 II,
864 3435 893 3515 3,
928 3434 966 3496 4:
999 3432 1067 3512 πρὸς
1097 3431 1200 3513 Φιλίαν
1223 3430 1330 3510 μέγα

216 3546 341 3628 ύποθρχει
362 3548 395 3613 τὸ
418 3548 450 3611 έν
473 3551 529 3611 τῶν
550 3548 644 3611 αὐτῶν
667 3551 768 3625 colar.

260 3661 299 3745 V,
333 3664 374 3724 41
410 3657 545 3741 Πρόξενος
581 3661 612 3724 δὲ
644 3658 695 3724 καὶ
732 3659 843 3733 Μένων,
875 3659 989 3741 ἐπείπερ
1020 3657 1091 3723 siolo
1123 3657 1250 3740 ὑμέτεροι
1276 3658 1330 3735 μὲν

216 3773 371 3856 εὐεργέται,
395 3773 525 3854 ἡμέτεροι
547 3774 579 3838 δὲ
598 3773 766 3855 στρατηγοί,
787 3773 933 3854 πέμψατε
952 3774 1058 3844 αὐτοὺς
1078 3773 1163 3854 δεῦρο.
1180 3774 1331 3837 Proxime

216 3888 407 3972 praecedens
441 3889 658 3952 nominativus
690 3885 841 3967 Κλέαρχος
872 3888 1017 3952 librarios
1049 3889 1206 3971 permovit
1230 3891 1267 3950 ut
1289 3886 1335 3968 id,

219 4002 304 4085 quod
338 4001 498 4084 eleganter
528 4021 547 4064 a
577 4000 790 4084 Xenophonte
822 4003 975 4085 scriptum
1000 4007 1091 4084 esset,
1113 4000 1238 4063 inficeto
1261 4018 1329 4063 cor-

218 4120 410 4200 rumperent.
432 4114 677 4181 Restituendum
700 4134 791 4200 ergo:
812 4111 946 4195 Πρόξενον
967 4114 1058 4179 δὲκαὶ
1071 4112 1203 4185 Μένωνα,
1217 4112 1331 4193 ἐπείπερ

218 4226 288 4292 εἰσὶν
311 4226 438 4309 ὑμέτεροι
457 4229 511 4305 μὲν
529 4227 684 4310 εὐεργέται,
707 4225 837 4309 θμετύροι
858 4227 889 4291 δὲ
900 4226 1068 4309 στρατηγοὶ,
1083 4225 1228 4306 πέμψατε
1240 4226 1328 4306 δεῦρο.

264 4342 320 4426 VI,
344 4344 384 4406 13
408 4340 505 4414 οἵτινες
528 4341 553 4406 δ’
577 4339 593 4416 ἢ
618 4343 673 4406 ὑπὸ
696 4340 806 4414 πόλεως
828 4339 1012 4421 τεταγμένοι,
1037 4339 1052 4415 ἢ
1073 4340 1128 4405 ὑπὸ
1146 4344 1198 4405 τοῦ
1211 4341 1330 4415 δεῖσθαι,
