3348 5262
892 616 956 681 252

366 800 484 883 templo
504 800 710 883 pernoctabat
734 806 790 866 aut
811 801 899 882 ἐντῷ
919 803 1045 883 Φανερῷ,
1066 802 1271 884 μάρτυρας
1291 803 1381 876 τοὺς
1400 801 1492 868 ποέν-

366 935 437 975 των
461 911 700 993 ὀφθαλμοὺς
722 921 777 988 τῆς
801 913 987 996 σωφροσύνης
1010 913 1210 993 τοοούμενοο”.

409 1025 467 1108 VI,
490 1028 519 1089 2.
543 1026 707 1092 Proelium
737 1029 770 1091 in
805 1048 869 1112 quo
897 1029 1004 1094 hostes
1027 1028 1153 1094 fortiter
1175 1031 1330 1095 resistunt
1353 1031 1495 1115 appellat

365 1137 504 1218 „aalma
527 1138 714 1204 ἐντέτντον“’.

409 1253 450 1317 ib.
475 1253 548 1318 Non
584 1255 662 1319 satis
696 1255 857 1338 sophistae
892 1261 1001 1320 nostro
1037 1258 1145 1321 visum
1181 1261 1229 1322 est
1260 1258 1365 1323 dicere
1401 1258 1494 1342 „Ipse

365 1366 535 1450 Agesilaus
556 1387 657 1450 quum
676 1367 834 1450 proelium
847 1367 1105 1433 committebatur
1115 1371 1253 1454 gregarii
1267 1371 1377 1435 militis
1390 1371 1494 1435 instar

365 1499 495 1543 manum
530 1499 605 1544 cunr
641 1481 730 1544 hoste
761 1499 928 1545 conserere
951 1480 1080 1564 solebat,
1103 1484 1212 1566 itaque
1236 1500 1330 1568 saepe
1357 1485 1493 1549 vulnere

364 1592 497 1657 adverso
532 1597 660 1677 accepto
697 1593 825 1656 domum
863 1592 988 1676 rediit'',
1022 1594 1077 1658 sed
1110 1614 1167 1677 pro
1191 1596 1308 1659 usitata
1329 1597 1492 1660 locutione

368 1705 521 1785 ,vulnere
556 1705 689 1770 adverso
721 1705 870 1789 accepto”
893 1707 954 1769 hoc
977 1707 1080 1771 utitur
1102 1706 1254 1771 flosculo:
1279 1713 1394 1784 σημεῖα
1415 1708 1491 1772 aiara-

364 1816 536 1895 νεγκόμενος
558 1821 608 1880 τοῦ
633 1818 713 1898 θυμῷ
737 1815 902 1897 augeatur.

408 1931 465 2014 VI,
490 1934 518 1995 3.
544 1932 689 2013 „Honori
719 1933 873 2016 laudique
903 1933 1054 2017 Agesilao
1085 1939 1163 1998 sunt
1186 1953 1251 1997 non
1275 1937 1403 1998 tantum
1426 1937 1490 1998 vic·

363 2047 467 2110 toriae
491 2045 530 2111 ab
555 2066 592 2110 eo
616 2051 803 2129 reportatae,
826 2047 881 2111 sed
906 2048 1001 2112 etiam
1024 2036 1134 2111 omnes
1159 2067 1240 2131 quas
1262 2047 1337 2112 fecit
1360 2050 1489 2132 expedi·

363 2158 498 2224 tioncs'’.
528 2159 594 2222 Vix
625 2159 736 2223 eredas
760 2159 820 2223 hoc
842 2165 989 2223 nostrum
1015 2160 1119 2224 dicere
1142 2160 1232 2242 velle,
1256 2160 1314 2224 ubi
1337 2179 1490 2245 pomposa

363 2274 442 2337 haec
476 2271 573 2336 verba
606 2273 701 2356 legis:
736 2271 862 2352 τρόπαια
892 2271 951 2349 μὴν
975 2270 1160 2348 Ἀγησιλάου
1183 2273 1242 2350 οὐχ
1265 2269 1321 2335 ἐσσι
1344 2271 1488 2346 ἐστήσατο

363 2385 435 2448 ἀλλ’
460 2381 516 2449 ὅσα
540 2383 754 2465 ἐστρατεύσατο
779 2383 887 2449 δίκαιον
911 2383 1044 2464 νομίζειν.
1070 2385 1192 2450 Verum
1213 2388 1241 2450 si
1260 2388 1441 2450 accuratius
1455 2405 1490 2451 ea

363 2501 527 2584 aspexeris
552 2499 676 2563 nnllam
699 2500 794 2562 aliam
818 2500 858 2563 iis
881 2500 987 2563 inesse
1010 2501 1200 2564 sententiam
1226 2499 1357 2564 videbis.

407 2612 464 2695 VI,
488 2613 516 2674 6.
543 2612 676 2696 „Neque
700 2617 792 2678 nocte
818 2631 924 2696 neque
948 2612 998 2676 die
1019 2632 1053 2677 se
1074 2613 1173 2696 quieti
1194 2611 1289 2676 dabat
1308 2613 1486 2697 Agesilaus,

364 2727 420 2792 sed
443 2733 531 2791 tanta
553 2727 587 2790 in
610 2727 780 2791 itineribus
803 2727 957 2791 faciendis
981 2726 1140 2791 celeritate
1163 2731 1240 2809 erat,
1262 2732 1298 2790 ut
1317 2746 1412 2810 saepe
1433 2727 1485 2791 ubi

362 2845 446 2906 esset
474 2842 658 2925 ignorarent
688 2841 811 2904 hostes:
837 2836 985 2902 ὥστεκαὶ
1008 2837 1048 2902 τοὶ
1071 2837 1194 2918 ἐχυρὰ
1216 2839 1401 2920 οὶνώχνρα
1424 2846 1483 2911 τοῖς

361 2954 472 3033 ἐχθροῖς
494 2952 627 3026 καθίστα,
648 2951 688 3018 τοὶ
706 2953 762 3030 μὲν
781 2951 898 3033 rapida,
917 2951 958 3016 aab
978 2952 1009 3016 δὲ
1022 2950 1209 3032 ὑπερβαίνων,
1223 2951 1263 3016 τοὶ
1276 2953 1306 3016 δὲ
1318 2951 1483 3016 κλέττων”.

407 3066 463 3130 VI.
490 3069 516 3130 7.
545 3067 705 3148 „Maxima
729 3067 938 3131 admiratione
962 3067 1059 3150 digna
1083 3071 1150 3130 erat
1174 3066 1329 3130 modestia
1349 3067 1484 3130 militum

365 3180 483 3264 quibus
507 3181 678 3265 Agesilaus
702 3185 853 3264 praeerat.
877 3179 953 3244 Iam
977 3181 1062 3243 enirn
1086 3179 1210 3264 placide
1231 3184 1262 3243 et
1275 3179 1417 3244 modeste
1428 3181 1486 3244 iter

363 3294 529 3378 faciebant,
550 3291 642 3375 ὥσπερ
662 3291 697 3357 aiv
722 3292 909 3374 παρθένος
934 3292 950 3365 ἡ
975 3288 1283 3373 σωφρονεστάτη
1307 3289 1486 3372 στροβοοένον”.

362 3408 521 3473 Novimus
556 3428 666 3474 omnes
698 3408 921 3472 Monacensem
948 3407 1041 3471 illum
1065 3409 1229 3491 pictorem,
1254 3408 1310 3490 qui
1332 3407 1486 3490 lepidissi-

362 3524 423 3586 mis
447 3522 643 3608 imaginibus
666 3524 763 3587 vitam
789 3522 958 3586 militarem
986 3520 1187 3603 „illustrare”
1209 3523 1256 3603 (ut
1276 3540 1363 3584 nunc
1384 3521 1486 3604 loqui·

362 3639 446 3719 mur)
466 3642 579 3722 potest.
597 3635 699 3712 Quam
713 3635 827 3724 vellem
841 3635 934 3699 nobis
946 3635 1091 3718 Agesilai
1104 3635 1281 3698 exercitum
1294 3634 1486 3717 depingeret,

363 3751 412 3815 his
437 3750 542 3815 verbis
567 3751 664 3815 usus!

407 3865 480 3947 VII,
506 3867 532 3928 l.
560 3864 726 3948 „Longum
750 3869 798 3928 est
818 3842 1035 3927 demonstrare
1046 3861 1233 3944 Agesilaum
1247 3860 1367 3944 patriae
1379 3880 1486 3923 aman-

363 3983 427 4042 tem
457 3978 566 4042 fnisse.
598 3973 694 4052 οἴομαι
717 3978 774 4057 peip
798 3976 876 4040 οὐδὲν
900 3969 968 4039 εἶναι
993 3978 1049 4037 τῶν
1074 3972 1288 4054 πεπραγμένων
1312 3971 1361 4034 ὑπ’
1386 3973 1485 4044 αὐτοῦ,

362 4086 404 4153 ὅτι
428 4091 479 4153 οὐκ
503 4089 556 4162 εἷς
580 4094 694 4153 τοῦτο
718 4087 946 4153 narretur&

406 4204 497 4287 VIII,
523 4205 550 4266 7.
584 4203 767 4289 Simplicem
801 4203 945 4287 Agesilai
980 4204 1103 4271 vietum
1140 4201 1216 4265 dum
1253 4200 1384 4264 laudare
1417 4199 1487 4263 vult

363 4319 520 4405 puerulus
545 4326 662 4402 noster,
681 4320 750 4404 ipse
770 4319 873 4382 omnis
894 4317 1107 4401 simplicitatis
1128 4315 1245 4380 oblitus
1257 4316 1301 4378 ita
1313 4314 1485 4378 declamat:
