3348 5262
742 619 805 682 217

218 807 271 870 dit.
297 805 380 869 Satis
403 805 539 890 frigidus
564 808 699 888 uterque
722 809 769 870 est
793 806 892 868 iocus.
915 804 953 867 In
979 804 1144 868 Platonico
1164 824 1239 868 vero
1259 803 1340 868 Ocn-

187 968 190 974 .
217 921 303 983 vivio
327 920 437 984 eadem
462 920 695 1003 comparatione
718 938 799 983 usus
818 917 1001 982 Alcibiades
1014 937 1083 1006 eam
1096 917 1191 982 habet
1202 917 1340 983 Socratis

216 1034 442 1114 laudationem,
466 1053 530 1116 qua
552 1031 634 1094 nihil
657 1035 802 1115 unquam
825 1032 981 1115 scriptum
1003 1037 1050 1095 est
1070 1033 1172 1115 magis
1193 1032 1339 1094 divinum

217 1153 315 1231 atque
338 1146 481 1211 coeleste.

259 1259 330 1324 Hae
360 1265 425 1324 tres
454 1278 505 1324 res
538 1264 623 1341 sunt,
646 1278 726 1342 quas
758 1257 909 1322 Ceruario
933 1278 997 1322 non
1023 1258 1215 1322 omittendas
1238 1257 1339 1322 fuisse

218 1372 378 1454 dicebam3
404 1393 485 1456 quas
509 1375 537 1436 si
560 1392 637 1436 suae
660 1373 894 1458 enumerationi
914 1372 1095 1453 addidisset,
1107 1371 1187 1434 mihi
1200 1390 1217 1435 e
1230 1373 1340 1436 multis

216 1488 295 1551 locis
324 1487 398 1551 illos
429 1487 562 1570 elegisse
592 1488 764 1568 videretur,
789 1486 909 1569 quibus
936 1505 1011 1570 prae
1035 1487 1147 1549 ceteris
1171 1490 1238 1580 tcta
1262 1486 1340 1549 deli·

215 1599 335 1666 beratic
360 1601 399 1664 de
422 1603 554 1684 ratione,
577 1619 659 1684 quae
678 1602 762 1664 inter
780 1600 983 1664 Platonicum
1002 1597 1340 1683 Xenophonteumque

217 1713 409 1777 Convivium
431 1714 606 1795 intercedit,
630 1715 689 1777 niti
713 1712 814 1777 debet.
837 1711 1004 1776 Eiusmodi
1024 1713 1109 1776 enim
1120 1712 1168 1774 illi
1179 1711 1241 1775 loci
1254 1716 1340 1794 sunt,

217 1831 254 1891 ut
287 1825 427 1890 dubitari
457 1846 523 1889 non
553 1828 663 1910 possit,
687 1828 765 1909 quin
791 1826 830 1890 de
854 1825 964 1890 eadem
987 1844 1022 1889 re
1045 1830 1181 1908 uterque
1205 1826 1340 1909 scriptor

217 1945 299 2024 agat,
331 1940 386 2004 sed
417 1941 470 2022 ita,
501 1944 537 2002 ut
567 1938 647 2004 alter
669 1937 708 2002 ab
732 1939 831 2003 altero
854 1939 940 2002 haud
964 1958 1078 2022 parum
1102 1939 1238 2021 recedat,
1262 1939 1341 2003 alter

217 2055 353 2118 alterum
376 2052 521 2137 suppleat
544 2053 754 2136 corrigatque.
778 2051 841 2116 Sed
864 2051 962 2115 simul
983 2051 1142 2116 eiusmodi
1160 2052 1234 2116 illae
1253 2052 1341 2116 diffe-

216 2169 337 2231 rentiae
360 2171 446 2249 sunt,
469 2171 506 2230 ut
529 2185 622 2230 nemo
646 2165 774 2229 credere
797 2167 908 2249 possit,
932 2165 1003 2228 illas
1026 2165 1207 2229 inconsulte
1227 2170 1259 2230 et
1277 2165 1340 2229 fcr-

215 2281 296 2345 tuito
321 2284 412 2344 natas
434 2299 513 2362 esse,
535 2280 569 2342 id
592 2284 640 2343 est
662 2284 824 2360 neutrum,
848 2279 926 2342 dum
949 2277 1109 2361 scriberet,
1130 2278 1206 2342 h'bri
1226 2300 1245 2343 a
1264 2298 1339 2343 con-

216 2392 373 2476 discipulo
397 2412 456 2457 suo
480 2393 648 2476 compositi
670 2394 827 2456 rationem
850 2390 1009 2455 habuisse.
1032 2390 1136 2456 Nemo
1159 2394 1254 2474 enim,
1281 2393 1339 2476 qui

217 2527 290 2571 cum
323 2524 401 2570 sano
430 2506 549 2570 iudicio
574 2511 748 2591 utrumque
771 2504 964 2570 Conuiuium
987 2506 1167 2590 perlegerit,
1192 2504 1339 2571 dubitare
1450 2539 1454 2547 ·

215 2624 328 2704 potest,
370 2621 450 2704 quin
492 2624 548 2684 aut
580 2619 671 2683 Plato
706 2619 930 2703 Xenophontis
965 2619 1084 2683 librum
1119 2621 1154 2682 in
1189 2619 1339 2684 manibus

214 2731 370 2804 habuerit,
399 2734 535 2816 eiusque
565 2737 729 2815 tamquam
753 2751 921 2796 censuram
944 2734 1052 2816 egerit,
1076 2737 1133 2796 aut
1155 2731 1339 2817 Xenophon

215 2845 380 2910 Platonico
406 2844 560 2909 convivio
584 2865 678 2909 suum
704 2846 895 2928 opposuerit.
919 2843 1000 2920 Quis
1021 2883 1062 2891 —
1084 2851 1120 2910 ut
1139 2845 1338 2909 hooutar-

216 2959 343 3023 oredere
364 2963 478 3042 potest,
501 2978 578 3022 casu
597 2958 719 3023 factum
739 2978 818 3041 esse,
832 2964 868 3022 ut
880 2958 965 3042 apud
977 2957 1225 3042 Xenophontem
1240 2978 1339 3023 coena

216 3073 411 3137 exhilaretur
441 3093 460 3135 e
489 3070 628 3154 tibicina,
659 3072 826 3154 saltatrice,
854 3091 975 3155 scurra,
998 3073 1084 3155 apud
1106 3072 1275 3136 Platonem
1298 3091 1340 3136 ne

216 3205 282 3249 una
312 3186 442 3268 quidem
472 3184 603 3248 tibicina
634 3185 844 3249 admittatur?
875 3185 991 3250 Nonne
1020 3187 1167 3250 consulto
1197 3187 1282 3250 inter
1304 3206 1339 3251 se

216 3300 353 3382 oppositi
386 3305 463 3362 sunt
496 3297 683 3362 Platonicus
713 3298 767 3362 ille
797 3297 943 3362 Socrates
973 3299 1146 3363 immanem
1170 3301 1340 3384 capacissi-

216 3432 371 3496 mumque
403 3417 542 3492 ψυκτῆρα
576 3413 779 3495 exhauriens
809 3418 840 3477 et
870 3411 1125 3497 Xenophonteus
1156 3416 1280 3478 minuta
1309 3421 1341 3480 et

175 3587 179 3595 ,
215 3526 355 3590 rorantia
388 3525 504 3609 pocula
538 3525 791 3590 commendans?
825 3525 923 3608 Num,
959 3528 987 3590 si
1020 3545 1126 3611 neque
1156 3526 1339 3610 Xenophon

168 3613 173 3620 ’
216 3636 391 3719 Platonem,
425 3656 532 3721 neque
564 3637 656 3701 Plato
686 3636 933 3721 Xenophontem
965 3639 1105 3722 legisset,
1136 3638 1221 3722 epnd
1252 3639 1340 3704 hunc

215 3768 335 3833 poenas
369 3750 458 3814 daret
487 3750 665 3814 Pausanias
696 3770 817 3834 eorum,
841 3771 924 3835 quae
946 3751 1032 3836 apud
1056 3751 1147 3815 illum
1171 3751 1338 3816 Phaedrus

216 3869 248 3928 et
280 3863 458 3929 Pausanias
492 3865 667 3930 dixerunt?
698 3865 836 3930 Possum
868 3868 915 3930 sic
945 3867 1070 3951 rehqua
1100 3866 1259 3950 persequi,
1283 3867 1339 3930 sed

215 3978 293 4041 haec
324 3976 470 4042 sufficere
500 3979 622 4061 opinor,
653 3984 689 4042 ut
720 3980 766 4042 sic
797 3983 953 4042 statuam:
979 3981 1036 4041 aut
1058 3977 1149 4041 Plato
1174 3996 1234 4042 suo
1256 3977 1338 4042 libro

214 4088 486 4174 Xenophonteum
520 4089 699 4175 improbare
736 4097 767 4155 et
800 4093 959 4173 corrigere
991 4090 1124 4171 studuit,
1155 4095 1212 4153 aut
1242 4109 1339 4154 suum

216 4201 406 4267 convivium
440 4203 623 4288 Xenophon
658 4204 807 4288 opposuit
835 4203 1009 4267 Platonico
1042 4201 1213 4278 Quaeritur
1243 4222 1335 4288 ergo:

217 4322 288 4380 uter
311 4296 417 4382 utrius
441 4336 610 4382 censuram
633 4317 721 4401 egit?
745 4316 835 4381 Sive:
860 4317 965 4380 utrius
988 4315 1069 4381 liber
1090 4318 1181 4400 prius
1200 4318 1339 4401 scriptus
