3352 5260
861 625 926 688 164

234 825 239 834 ·
326 812 489 877 Sententia
522 813 608 875 enim
632 815 703 876 est:
734 811 937 876 vehementer
968 830 1097 895 operam
1128 810 1204 874 dare
1235 809 1327 873 soleo
1361 813 1406 890 ut,
1429 810 1456 872 si

329 928 423 990 cuius
451 924 664 989 familiaritate
691 925 740 987 uti
764 925 898 1007 cupiam,
921 922 959 987 ab
984 924 1038 986 illo
1065 928 1097 987 et
1121 941 1192 986 mea
1216 925 1387 1005 expetatur
1409 920 1457 984 fa·

329 1040 505 1104 miliaritas.
532 1038 582 1104 Ne
609 1040 662 1103 cui
684 1044 792 1103 autem
815 1038 991 1102 molestiam
1015 1038 1118 1121 pariat
1144 1035 1277 1099 verbum
1301 1037 1457 1118 imperso-

330 1155 402 1218 nale
425 1153 683 1228 ἀντεπιθυμεῖσθαι
706 1157 779 1236 post
801 1151 966 1236 personale
988 1149 1144 1226 ἐπιθυμῶν,
1168 1149 1302 1213 eundem
1326 1153 1357 1213 et
1381 1148 1458 1212 alibi

333 1267 480 1332 observet
504 1267 698 1330 varietatem.
720 1263 860 1349 Legitur,
881 1269 918 1327 ut
940 1263 1001 1326 hoc
1023 1262 1169 1346 exemplo
1192 1265 1273 1342 utar,
1296 1259 1340 1343 ΙΙ,
1366 1261 1394 1342 1,
1419 1263 1457 1324 8:

331 1377 384 1444 καί
416 1378 509 1458 ἑαυτῷ
540 1377 595 1454 μὲν
625 1375 726 1441 πολλὰ
753 1375 896 1440 ἐλλείπειν
928 1413 970 1422 -
1001 1380 1055 1447 τῆς
1088 1371 1119 1436 δὲ
1142 1370 1252 1446 πόλεος
1276 1375 1457 1452 προεστῶτα,

332 1490 382 1555 rav
413 1489 455 1569 μη
487 1489 589 1555 πάντα
617 1488 673 1554 όσα
704 1490 721 1564 ἡ
750 1488 834 1563 πόλις
858 1488 998 1568 βούλεται
1020 1485 1229 1568 καταπράττη,
1252 1485 1354 1551 τούτου
1378 1485 1459 1560 δίκην

333 1602 464 1683 ὑπέχειν,
487 1607 571 1668 τοῦτο
595 1606 657 1676 πῶς
680 1604 711 1667 οὐ
735 1603 831 1676 πολλός
854 1600 1002 1683 ἀφροσύνη
1026 1600 1107 1676 ε’στί;

379 1717 429 1780 36.
465 1714 523 1797 ἔφη
555 1715 612 1797 pap
642 1717 799 1800 (Aspasia)
828 1714 884 1785 τάς
914 1713 1037 1793 ἀγαθάς
1059 1711 1275 1795 προμνηστρίας
1299 1710 1379 1788 μετά
1403 1714 1459 1788 μὲν

333 1828 471 1902 ἀληθείας
495 1826 536 1892 τά
558 1827 662 1906 ἀγαθά
684 1826 922 1906 διαγγελλούσας
941 1826 1035 1898 δεινάς
1055 1821 1125 1891 εἷναι
1144 1824 1279 1902 συνάνειν
1295 1823 1459 1904 ἀνθρώπους

332 1941 372 2015 είς
395 1940 521 2015 κηδείαν,
544 1940 729 2020 ψευδομένας
752 1941 783 2005 δὲ
807 1942 857 2006 οὑκ
880 1942 1017 2006 ἐπαινεῖν.
1042 1941 1151 2006 Bonae
1173 1938 1457 2022 προμνηστρίαιυοι]

333 2051 509 2133 ψεύδονταις
542 2054 614 2118 illas
648 2059 754 2119 autem
789 2054 890 2119 bonas
924 2073 1002 2132 esse,
1034 2073 1116 2138 quae
1147 2055 1279 2118 veritate
1310 2057 1459 2135 utuntur,

334 2168 429 2231 etiam
461 2167 552 2231 nullo
582 2167 737 2231 adiectivo
769 2167 885 2250 addito,
910 2169 988 2232 satis
1015 2172 1152 2251 apparet.
1176 2165 1358 2230 Delendum
1380 2184 1458 2250 ergo

332 2281 460 2345 videtur
482 2277 610 2357 ἀγαθούς.

378 2392 481 2478 Caput
503 2393 577 2475 VII,
600 2395 629 2456 2.
652 2393 716 2457 οὑδὲ
739 2392 925 2458 δανείσασθαι
949 2391 1106 2470 οὐδαμόθεν
1125 2390 1202 2456 ἔστιν
1218 2390 1358 2473 ἀργύριον,
1371 2391 1456 2455 ἀλλά

333 2505 463 2588 πρότερον
493 2504 529 2571 ἀν
561 2506 605 2580 τίς
629 2531 677 2586 μοι
701 2507 782 2572 δοκεῖ
800 2508 829 2571 ε’ν
853 2516 888 2588 τῇ
912 2507 966 2588 ὁδῷ
989 2506 1084 2587 ζητῶν
1107 2507 1192 2588 εὑρεῖν
1215 2505 1232 2580 ἢ
1257 2503 1457 2586 δανειζόμενος

333 2620 451 2698 λαβεῖν.
476 2620 619 2685 Verbum
641 2619 820 2702 δανείζεσθαι
838 2621 931 2686 facile
951 2621 1072 2686 obiecto
1085 2619 1214 2701 ἀργύριον
1227 2639 1332 2686 carere
1345 2625 1457 2704 potest,

334 2733 433 2798 verba
455 2731 555 2812 ζητεῖν
579 2739 609 2798 et
633 2733 765 2809 εὑρίσκειν
788 2735 857 2798 sine
881 2733 1002 2798 obiecto
1020 2735 1124 2817 posita
1143 2753 1241 2798 sensu
1261 2752 1350 2797 cassa
1370 2737 1456 2797 sunt.

335 2844 534 2931 Quapropter
569 2846 806 2912 substantivum
836 2845 966 2927 ἀργύριον
995 2852 1066 2931 post
1096 2845 1149 2926 όδῷ
1180 2846 1362 2930 ponendum
1387 2849 1455 2910 erit.

335 2959 523 3025 conferatur
554 2961 641 3044 quod
672 2961 790 3044 legitur
821 2962 840 3042 ἕ
870 2962 909 3023 11
934 2962 1031 3025 huius
1055 2961 1183 3044 capitis:
1208 2960 1321 3040 πρθςθεν
1343 2959 1399 3036 μὲν
1422 2960 1454 3022 οὑ

333 3071 486 3153 προςιέμην
517 3072 713 3150 δανείσασθαι,
744 3072 823 3144 εἰδὼς
853 3071 895 3136 ότι
921 3073 934 3136 ὑ
957 3071 993 3136 ἀν
1016 3071 1102 3151 λείβει
1130 3073 1188 3151 οὑχ
1210 3067 1264 3146 ἕξοι
1287 3071 1454 3143 ἀποδοῦναι,

334 3191 365 3250 ot
389 3206 415 3248 o.
440 3183 521 3248 VIII
545 3186 564 3266 ἕ
590 3187 626 3248 l:
650 3182 750 3257 ἀλλοις
774 3208 808 3247 τε
826 3183 878 3248 καὶ
890 3184 981 3262 μηδὲν
993 3182 1103 3264 ἔχοντα
1115 3184 1166 3265 ἐφ’
1181 3176 1201 3264 ᾧ
1215 3181 1251 3247 ἀν
1262 3181 1454 3263 δανειζοίμην.

377 3298 481 3382 Caput
505 3298 577 3375 VH,
603 3300 630 3361 5.
654 3296 703 3363 De
724 3300 890 3363 nonnullis
912 3299 1009 3363 rebus
1032 3319 1050 3362 a
1074 3298 1202 3363 Socrate
1227 3301 1454 3382 interrogatus,

335 3412 473 3476 utilesne
495 3417 610 3494 essent,
630 3412 793 3496 respondit
812 3413 1018 3477 Aristarchus
1037 3409 1152 3492 σφοδρα
1168 3435 1205 3489 γε
1217 3416 1249 3476 et
1260 3409 1397 3489 μθλιοτά
1408 3434 1455 3489 ηε.

332 3524 457 3609 Rogare
476 3527 578 3609 pergil
597 3524 759 3590 Socrates:
780 3523 811 3589 τί
827 3523 902 3606 γάρς
924 3522 1031 3603 ίμάτιά
1049 3549 1082 3588 τε
1100 3525 1219 3606 ἀνδρεῖα
1238 3523 1290 3589 καί
1302 3528 1456 3603 γυναικεῖα

335 3636 388 3702 καί
413 3637 577 3718 χιτύνισκοι
600 3635 653 3702 καί
675 3637 836 3718 χλαμύδες
858 3636 910 3702 καί
933 3635 1093 3717 ε’ξοεμίδεςς
1113 3638 1297 3723 Respondet
1316 3639 1456 3702 Aristar-

336 3752 433 3816 chus:
465 3751 580 3833 σφοδρα
610 3775 656 3829 γε,
684 3749 736 3816 καί
760 3749 860 3815 πάντα
881 3755 982 3816 ταῦτα
1004 3750 1149 3831 χρήσιμα.
1174 3751 1303 3835 Frigere
1326 3752 1386 3814 hoc
1408 3769 1458 3814 re-

337 3885 492 3949 sponsum
515 3867 702 3949 quicunque
722 3884 815 3930 aures
834 3865 1031 3930 consuluerit
1049 3866 1127 3929 mihi
1137 3863 1284 3928 lubenter
1295 3862 1457 3927 concedet.

335 3976 538 4062 Languidum
562 3980 649 4042 enim
672 3983 728 4061 est,
752 3999 853 4062 quum
872 3979 1073 4062 responderis
1092 3979 1302 4042 usitatissima
1320 3976 1457 4039 formula

332 4088 410 4154 τάνυ
432 4114 469 4168 γε
490 4091 541 4168 vel
563 4087 677 4171 σφόδρα
700 4114 746 4168 γε,
770 4111 887 4155 novam
912 4091 1028 4155 addere
1048 4091 1238 4155 sententiam
1259 4107 1394 4173 eamque
1409 4088 1458 4151 illi

331 4205 556 4268 coniunctione
578 4201 631 4267 καί
650 4209 826 4268 annectere.
851 4202 913 4268 Sed
935 4204 1084 4268 facillime
1105 4204 1181 4266 huic
1203 4203 1274 4266 loco
1297 4203 1455 4287 pristinus

335 4317 420 4380 nitor
453 4317 579 4381 restitui
612 4322 732 4400 potest:
769 4317 896 4400 dempta
925 4318 1010 4380 enim
1040 4316 1174 4400 virgula,
1204 4319 1455 4399 transponantur
