3354 5268
754 635 794 696 33

213 819 271 902 ego
303 820 348 882 ita
374 819 488 881 iudico.
511 818 587 882 Tres
609 818 682 882 libri
704 821 903 903 posteriores,
926 825 962 885 ut
986 823 1050 886 iam
1074 799 1199 907 saepius
1222 825 1328 889 obser-

212 934 295 1013 vavi,
317 932 382 996 fere
405 934 461 996 toti
485 933 597 1016 repleti
621 937 696 996 sunt
720 934 916 998 orationibus
936 939 967 1000 et
987 935 1234 1020 defensionibus,
1248 959 1327 1022 quas

213 1044 392 1129 Xenophon
417 1045 570 1109 adversus
590 1046 792 1110 inimicorum
813 1048 989 1112 calumnias
1010 1048 1137 1130 habuit3
1158 1071 1248 1114 suam
1261 1052 1329 1134 ipse

212 1177 339 1221 causam
365 1159 429 1240 agit
459 1158 545 1241 apud
566 1159 714 1242 aequales
737 1165 952 1245 posterosque.
976 1162 1084 1245 Atque
1107 1182 1175 1226 eam
1199 1164 1328 1246 quidem

212 1277 331 1355 partem
354 1271 511 1335 eiusmodi
535 1290 612 1354 esse,
636 1277 673 1335 ut
695 1273 821 1356 ineptus
845 1273 959 1338 fuisset
981 1275 1124 1358 scriptor,
1146 1278 1174 1339 01
1195 1285 1330 1360 se'quo-

212 1404 340 1469 cunque
363 1385 457 1448 modo
478 1385 575 1449 latere
597 1404 690 1469 posse
709 1391 860 1469 putasset,
872 1387 1019 1452 lubenter
1038 1388 1207 1452 Schenklio
1220 1410 1328 1454 assen-

212 1503 282 1564 tior.
304 1501 407 1565 Aliter
431 1521 464 1565 se
485 1520 536 1565 res
560 1500 654 1564 habet
674 1502 708 1563 in
721 1501 809 1565 libris
823 1508 960 1586 quatuor
973 1502 1141 1586 prioribus,
1155 1503 1327 1567 dummodo

211 1614 271 1677 hoc
294 1614 510 1696 observemus
534 1614 691 1698 duplicem
717 1634 845 1679 oausam
869 1635 947 1696 esse,
970 1635 1028 1678 cur
1052 1618 1186 1700 scriptor
1210 1617 1328 1700 aliquis

211 1748 307 1792 suum
340 1747 456 1793 nomen
487 1729 625 1810 reticeat,
648 1729 787 1792 alienum
819 1728 978 1792 inscribat.
1003 1730 1071 1793 Ant
1093 1731 1177 1793 cuim
1201 1730 1235 1793 id
1257 1732 1329 1794 vult

210 1841 343 1923 efficere,
364 1847 401 1904 ut
431 1861 524 1906 nemo
549 1861 739 1926 cognoscere
763 1845 865 1926 possit
887 1862 921 1906 se
945 1844 1130 1926 scriptorem
1156 1862 1235 1925 esse,
1258 1845 1325 1908 sive

208 1962 306 2038 metu,
337 1957 404 2020 sive
432 1957 553 2040 pudore
585 1957 717 2036 ductus3
751 1957 810 2020 hoe
842 1962 948 2020 autem
972 1976 1043 2020 raro
1067 1956 1110 2021 fit.
1137 1957 1219 2038 Aut,
1242 1958 1328 2041 quod

209 2071 310 2133 multo
350 2070 550 2153 frequentius
593 2070 715 2151 accidit,
754 2089 791 2133 ea
831 2069 958 2133 fictione
996 2075 1158 2152 tamquam
1193 2070 1325 2134 artificio

211 2184 350 2268 quodam
383 2186 489 2266 utitur,
524 2185 657 2268 eiusque
692 2185 738 2247 rei
772 2183 850 2246 mihi
879 2185 948 2267 ipsa
979 2183 1138 2247 Anabucis
1163 2186 1326 2268 egregium

211 2317 280 2362 esse
315 2298 441 2362 videtur
474 2298 673 2381 exemplum3
710 2299 766 2380 qui
801 2299 885 2360 enim
918 2296 1011 2380 legit:
1044 2289 1077 2368 ἦν
1108 2295 1140 2359 δέ
1169 2320 1213 2368 τις
1237 2299 1265 2360 ἐν
1289 2305 1325 2377 τῇ

210 2415 331 2492 στρατιᾷ
352 2413 482 2490 Ξενοφῶν
501 2410 664 2482 Ἀθηναῖος,
683 2429 876 2493 quamquam
890 2411 949 2473 0011
960 2409 1207 2494 Xenophontem
1219 2413 1325 2495 ipsum

209 2525 282 2589 libri
306 2531 464 2589 auctorem
486 2543 563 2606 csse,
584 2525 642 2587 hoc
662 2523 724 2587 sibi
744 2523 947 2587 dissimulare
967 2525 1109 2606 cogitur,
1132 2543 1213 2607 quae
1227 2544 1326 2607 quum

211 2640 421 2704 dissimulatio
445 2660 464 2702 a
486 2638 695 2726 nullo-trium
714 2639 924 2721 posteriorum
944 2636 1099 2700 librorum
1119 2637 1235 2702 lectore
1257 2639 1328 2702 iure

208 2755 363 2838 postulari
385 2757 495 2839 possit,
517 2754 568 2817 vel
591 2755 672 2817 hane
694 2773 792 2816 unam
813 2752 852 2816 ob
873 2772 1005 2815 causam
1026 2770 1079 2816 eos
1099 2771 1173 2816 cum
1186 2758 1326 2835 quatuor

207 2868 367 2952 prioribus
390 2868 471 2932 male
495 2868 661 2931 cohaerere
685 2872 716 2930 et
737 2871 810 2950 post
831 2865 904 2928 11100
928 2867 1120 2948 compositos
1147 2865 1249 2929 credo.

254 2980 316 3045 Sed
338 2981 480 3044 nondum
501 2979 775 3062 Themistogenem
799 2983 944 3042 nostrum
965 2979 1099 3042 missum
1120 2977 1209 3040 facio.
1231 2976 1329 3041 Ride-

210 3116 281 3160 mus
312 3114 407 3177 nunc,
430 3099 612 3178 reputantes
642 3112 785 3176 unquam
809 3092 848 3154 de
869 3091 1038 3172 Anabasis,
1062 3110 1160 3174 quarn
1186 3109 1245 3153 nos
1270 3091 1326 3154 ha·

209 3209 332 3291 bernus,
362 3213 490 3272 auctore
521 3206 700 3270 dubitatum
724 3223 809 3269 esse:
834 3210 940 3269 tamen
967 3209 1071 3268 tantas
1094 3203 1204 3268 turbas
1229 3205 1330 3267 miser

208 3325 268 3386 iste
302 3321 557 3405 Themistogenes
580 3319 686 3401 dedit,
717 3324 752 3383 ut
783 3319 858 3382 olim
891 3317 984 3382 multi
1018 3319 1078 3380 viri
1104 3317 1188 3380 docti
1213 3337 1327 3382 cama

209 3435 421 3520 Xenophonte
443 3435 668 3498 abiudicarent.
693 3431 779 3509 Quin
803 3433 898 3496 etiam
918 3432 977 3494 hoc
998 3431 1156 3496 affirmare
1175 3432 1259 3514 licet,
1279 3450 1328 3495 re·

209 3553 293 3614 canti
316 3551 442 3614 demum
464 3554 563 3614 aetate
582 3550 665 3612 inter
684 3566 793 3611 omnes
813 3551 966 3627 constare,
985 3547 1037 3609 cui
1050 3546 1325 3629 elegantissimum

209 3671 240 3729 et
262 3667 489 3730 suavissimum
507 3664 625 3727 librum
645 3662 824 3726 debeamus.
836 3661 941 3725 Etiam
954 3660 1068 3724 Petrus
1080 3659 1326 3742 WesselingiuS,

211 3783 247 3842 ut
277 3800 380 3843 unum
410 3779 581 3861 nominem,
604 3777 644 3840 ad
670 3775 846 3841 Diodorum
871 3774 1016 3839 Siculum
1045 3775 1097 3856 14,
1122 3774 1162 3836 19
1186 3772 1258 3837 Not.
1285 3773 1327 3835 40

211 3893 250 3957 de
271 3893 413 3957 Anabasi
436 3898 580 3956 annotat:
608 3940 623 3973 „
634 3890 669 3954 Si
693 3897 798 3955 tamen
820 3889 1002 3972 Xenophon
1026 3888 1098 3951 libri
1118 3892 1230 3951 auctor
1250 3885 1329 3950 est''.

209 4005 310 4071 Nemo
334 4010 440 4070 autem
463 4007 656 4090 pertinacius
681 4004 811 4084 obstitit,
834 4003 1007 4087 quominus
1030 4000 1199 4064 Anabasin
1217 3999 1327 4064 Xeno·

209 4120 320 4203 phonti
342 4120 565 4203 tribueremus,
588 4139 684 4202 quam
702 4116 853 4182 Usserius
873 4115 998 4196 (Annal.
1018 4135 1047 4198 p.
1060 4115 1122 4177 125
1141 4114 1213 4194 3ed.
1225 4113 1328 4177 Lond.

209 4255 237 4318 p.
263 4237 346 4316 233).
370 4233 403 4299 Is
426 4237 510 4299 enim
534 4234 670 4298 affirmat
692 4233 808 4296 multas
833 4251 883 4297 res
906 4234 941 4295 in
963 4230 1106 4294 Anabasi
1127 4231 1172 4292 ita
1194 4231 1327 4312 narrari,

209 4353 245 4414 ut
277 4353 397 4414 certent
431 4369 505 4413 curn
535 4349 613 4413 locis
645 4347 837 4431 quibusdam
859 4365 901 4410 ex
924 4346 1075 4430 genuinis
1097 4343 1325 4428 Xenophontis

1207 4451 1227 4503 3
