<?xml version="1.0" encoding="UTF-8"?>
<!DOCTYPE html PUBLIC "-//W3C//DTD XHTML 1.0 Transitional//EN"
    "http://www.w3.org/TR/xhtml1/DTD/xhtml1-transitional.dtd">
<html xmlns="http://www.w3.org/1999/xhtml" xml:lang="en" lang="en">
 <head>
  <title>
</title>
<meta http-equiv="Content-Type" content="text/html;charset=utf-8" />
  <meta name='ocr-system' content='tesseract 3.04.00' />
  <meta name='ocr-capabilities' content='ocr_page ocr_carea ocr_par ocr_line ocrx_word'/>
</head>
<body>
  <div class='ocr_page' id='page_1' title='image "./analectaxenopho00hartgoog_0203.png"; bbox 0 0 3352 5260; ppageno 0'>
   <div class='ocr_carea' id='block_1_1' title="bbox 602 1608 1049 1684">
    <p class='ocr_par' dir='ltr' id='par_1_1' title="bbox 602 1608 1049 1684">
     <span class='ocr_line' id='line_1_1' title="bbox 602 1608 1049 1684; baseline 0.002 -1"><span class='ocrx_word' id='word_1_1' title='bbox 602 1608 768 1684; x_wconf 81' lang='lat' dir='ltr'>CAPUT</span> <span class='ocrx_word' id='word_1_2' title='bbox 794 1608 1049 1684; x_wconf 82' lang='lat' dir='ltr'><strong>OCTAVUM.</strong></span> 
     </span>
    </p>
   </div>
   <div class='ocr_carea' id='block_1_2' title="bbox 313 2144 1343 2217">
    <p class='ocr_par' dir='ltr' id='par_1_2' title="bbox 313 2144 1343 2217">
     <span class='ocr_line' id='line_1_2' title="bbox 313 2144 1343 2217; baseline 0.002 -3"><span class='ocrx_word' id='word_1_3' title='bbox 313 2145 360 2214; x_wconf 83' lang='lat' dir='ltr'><strong>no</strong></span> <span class='ocrx_word' id='word_1_4' title='bbox 386 2145 560 2215; x_wconf 79' lang='lat' dir='ltr'><strong>nonnullos</strong></span> <span class='ocrx_word' id='word_1_5' title='bbox 584 2145 791 2216; x_wconf 74' lang='lat' dir='ltr'><strong>oeconomici</strong></span> <span class='ocrx_word' id='word_1_6' title='bbox 817 2144 910 2215; x_wconf 79' lang='lat' dir='ltr'><strong>locos</strong></span> <span class='ocrx_word' id='word_1_7' title='bbox 934 2145 1168 2216; x_wconf 74' lang='lat' dir='ltr'><strong>annotationes</strong></span> <span class='ocrx_word' id='word_1_8' title='bbox 1192 2146 1343 2217; x_wconf 85' lang='lat' dir='ltr'><strong>criticae.</strong></span> 
     </span>
    </p>
   </div>
   <div class='ocr_carea' id='block_1_3' title="bbox 269 2355 1389 2553">
    <p class='ocr_par' dir='ltr' id='par_1_3' title="bbox 269 2355 1389 2553">
     <span class='ocr_line' id='line_1_3' title="bbox 312 2355 1386 2423; baseline 0.001 -3"><span class='ocrx_word' id='word_1_9' title='bbox 312 2355 387 2420; x_wconf 90' lang='lat' dir='ltr'><strong>Non</strong></span> <span class='ocrx_word' id='word_1_10' title='bbox 420 2357 513 2421; x_wconf 88' lang='lat' dir='ltr'><strong>facile</strong></span> <span class='ocrx_word' id='word_1_11' title='bbox 543 2362 592 2422; x_wconf 91' lang='lat' dir='ltr'><strong>est</strong></span> <span class='ocrx_word' id='word_1_12' title='bbox 621 2359 656 2421; x_wconf 91' lang='lat' dir='ltr'><strong>in</strong></span> <span class='ocrx_word' id='word_1_13' title='bbox 687 2355 899 2420; x_wconf 82' lang='lat' dir='ltr'><strong>Oeconomico</strong></span> <span class='ocrx_word' id='word_1_14' title='bbox 931 2362 1031 2421; x_wconf 87' lang='lat' dir='ltr'><strong>artem</strong></span> <span class='ocrx_word' id='word_1_15' title='bbox 1057 2358 1199 2422; x_wconf 89' lang='lat' dir='ltr'><strong>criticam</strong></span> <span class='ocrx_word' id='word_1_16' title='bbox 1222 2377 1386 2423; x_wconf 84' lang='lat' dir='ltr'><strong>exercere:</strong></span> 
     </span>
     <span class='ocr_line' id='line_1_4' title="bbox 269 2469 1389 2553; baseline 0.003 -20"><span class='ocrx_word' id='word_1_17' title='bbox 269 2488 306 2533; x_wconf 89' lang='lat' dir='ltr'><strong>ea</strong></span> <span class='ocrx_word' id='word_1_18' title='bbox 340 2470 426 2533; x_wconf 91' lang='lat' dir='ltr'><strong>enim</strong></span> <span class='ocrx_word' id='word_1_19' title='bbox 459 2470 534 2533; x_wconf 86' lang='lat' dir='ltr'>libri</span> <span class='ocrx_word' id='word_1_20' title='bbox 567 2474 682 2533; x_wconf 90' lang='lat' dir='ltr'><strong>natura</strong></span> <span class='ocrx_word' id='word_1_21' title='bbox 711 2488 812 2552; x_wconf 91' lang='lat' dir='ltr'><strong>eaque</strong></span> <span class='ocrx_word' id='word_1_22' title='bbox 843 2474 892 2533; x_wconf 88' lang='lat' dir='ltr'><strong>est</strong></span> <span class='ocrx_word' id='word_1_23' title='bbox 914 2469 1102 2534; x_wconf 80' lang='lat' dir='ltr'><strong>elocutionis</strong></span> <span class='ocrx_word' id='word_1_24' title='bbox 1125 2471 1328 2553; x_wconf 85' lang='lat' dir='ltr'><strong>praestantia,</strong></span> <span class='ocrx_word' id='word_1_25' title='bbox 1351 2476 1389 2536; x_wconf 92' lang='lat' dir='ltr'><strong>ut</strong></span> 
     </span>
    </p>
   </div>
   <div class='ocr_carea' id='block_1_4' title="bbox 250 2581 1389 4241">
    <p class='ocr_par' dir='ltr' id='par_1_4' title="bbox 250 2581 1389 4241">
     <span class='ocr_line' id='line_1_5' title="bbox 269 2581 1389 2667; baseline 0.004 -24"><span class='ocrx_word' id='word_1_26' title='bbox 269 2581 425 2663; x_wconf 79' lang='lat' dir='ltr'><strong>hominen,</strong></span> <span class='ocrx_word' id='word_1_27' title='bbox 445 2583 501 2665; x_wconf 92' lang='lat' dir='ltr'><strong>qui</strong></span> <span class='ocrx_word' id='word_1_28' title='bbox 521 2582 688 2666; x_wconf 86' lang='lat' dir='ltr'><strong>loquentes</strong></span> <span class='ocrx_word' id='word_1_29' title='bbox 705 2583 914 2663; x_wconf 86' lang='lat' dir='ltr'><strong>inducuntur,</strong></span> <span class='ocrx_word' id='word_1_30' title='bbox 933 2584 1058 2666; x_wconf 84' lang='lat' dir='ltr'><strong>egregie</strong></span> <span class='ocrx_word' id='word_1_31' title='bbox 1070 2583 1265 2667; x_wconf 88' lang='lat' dir='ltr'><strong>colloquium</strong></span> <span class='ocrx_word' id='word_1_32' title='bbox 1278 2603 1389 2648; x_wconf 84' lang='lat' dir='ltr'><strong>revere</strong></span> 
     </span>
     <span class='ocr_line' id='line_1_6' title="bbox 268 2693 1387 2779; baseline 0.004 -23"><span class='ocrx_word' id='word_1_33' title='bbox 268 2693 413 2758; x_wconf 88' lang='lat' dir='ltr'><strong>habitum</strong></span> <span class='ocrx_word' id='word_1_34' title='bbox 435 2696 608 2759; x_wconf 80' lang='lat' dir='ltr'><strong>imitentur.</strong></span> <span class='ocrx_word' id='word_1_35' title='bbox 633 2695 682 2759; x_wconf 92' lang='lat' dir='ltr'><strong>Ita</strong></span> <span class='ocrx_word' id='word_1_36' title='bbox 704 2694 823 2759; x_wconf 88' lang='lat' dir='ltr'><strong>fectum</strong></span> <span class='ocrx_word' id='word_1_37' title='bbox 846 2699 903 2775; x_wconf 88' lang='lat' dir='ltr'><strong>est,</strong></span> <span class='ocrx_word' id='word_1_38' title='bbox 923 2699 960 2757; x_wconf 87' lang='lat' dir='ltr'><strong>ut</strong></span> <span class='ocrx_word' id='word_1_39' title='bbox 980 2714 1045 2758; x_wconf 92' lang='lat' dir='ltr'><strong>non</strong></span> <span class='ocrx_word' id='word_1_40' title='bbox 1065 2714 1189 2779; x_wconf 88' lang='lat' dir='ltr'><strong>semper</strong></span> <span class='ocrx_word' id='word_1_41' title='bbox 1208 2696 1387 2760; x_wconf 84' lang='lat' dir='ltr'><strong>adseveras</strong></span> 
     </span>
     <span class='ocr_line' id='line_1_7' title="bbox 267 2807 1387 2890; baseline 0.004 -22"><span class='ocrx_word' id='word_1_42' title='bbox 267 2807 491 2889; x_wconf 84' lang='lat' dir='ltr'><strong>grammaticae</strong></span> <span class='ocrx_word' id='word_1_43' title='bbox 513 2807 601 2890; x_wconf 86' lang='lat' dir='ltr'><strong>leges</strong></span> <span class='ocrx_word' id='word_1_44' title='bbox 623 2808 799 2872; x_wconf 81' lang='lat' dir='ltr'><strong>sententiae</strong></span> <span class='ocrx_word' id='word_1_45' title='bbox 821 2807 1068 2887; x_wconf 88' lang='lat' dir='ltr'><strong>conformentur,</strong></span> <span class='ocrx_word' id='word_1_46' title='bbox 1092 2808 1148 2872; x_wconf 85' lang='lat' dir='ltr'><strong>sed</strong></span> <span class='ocrx_word' id='word_1_47' title='bbox 1172 2810 1248 2872; x_wconf 90' lang='lat' dir='ltr'><strong>satis</strong></span> <span class='ocrx_word' id='word_1_48' title='bbox 1269 2808 1387 2872; x_wconf 91' lang='lat' dir='ltr'><strong>multae</strong></span> 
     </span>
     <span class='ocr_line' id='line_1_8' title="bbox 268 2919 1387 3005; baseline 0.002 -23"><span class='ocrx_word' id='word_1_49' title='bbox 268 2920 468 3004; x_wconf 74' lang='lat' dir='ltr'><strong>repatiantur</strong></span> <span class='ocrx_word' id='word_1_50' title='bbox 491 2920 710 2985; x_wconf 89' lang='lat' dir='ltr'><strong>anacoluthiae</strong></span> <span class='ocrx_word' id='word_1_51' title='bbox 734 2921 879 3003; x_wconf 88' lang='lat' dir='ltr'><strong>eliaeque</strong></span> <span class='ocrx_word' id='word_1_52' title='bbox 901 2919 1080 2996; x_wconf 66' lang='lat' dir='ltr'><strong>doccantur.</strong></span> <span class='ocrx_word' id='word_1_53' title='bbox 1103 2920 1287 2985; x_wconf 89' lang='lat' dir='ltr'><strong>Periculum</strong></span> <span class='ocrx_word' id='word_1_54' title='bbox 1312 2940 1387 3005; x_wconf 85' lang='lat' dir='ltr'><strong>ergo</strong></span> 
     </span>
     <span class='ocr_line' id='line_1_9' title="bbox 268 3032 1386 3116; baseline 0.003 -22"><span class='ocrx_word' id='word_1_55' title='bbox 268 3037 324 3112; x_wconf 90' lang='lat' dir='ltr'><strong>est,</strong></span> <span class='ocrx_word' id='word_1_56' title='bbox 347 3050 388 3094; x_wconf 90' lang='lat' dir='ltr'><strong>ne</strong></span> <span class='ocrx_word' id='word_1_57' title='bbox 411 3033 484 3114; x_wconf 92' lang='lat' dir='ltr'><strong>quis</strong></span> <span class='ocrx_word' id='word_1_58' title='bbox 505 3033 609 3116; x_wconf 89' lang='lat' dir='ltr'><strong>ipsius</strong></span> <span class='ocrx_word' id='word_1_59' title='bbox 632 3032 856 3116; x_wconf 87' lang='lat' dir='ltr'><strong>Xenophontis</strong></span> <span class='ocrx_word' id='word_1_60' title='bbox 878 3032 976 3097; x_wconf 82' lang='lat' dir='ltr'><strong>verbe</strong></span> <span class='ocrx_word' id='word_1_61' title='bbox 994 3037 1183 3116; x_wconf 86' lang='lat' dir='ltr'><strong>corrumpat,</strong></span> <span class='ocrx_word' id='word_1_62' title='bbox 1203 3034 1280 3097; x_wconf 92' lang='lat' dir='ltr'><strong>dum</strong></span> <span class='ocrx_word' id='word_1_63' title='bbox 1291 3033 1386 3097; x_wconf 88' lang='lat' dir='ltr'><strong>libra-</strong></span> 
     </span>
     <span class='ocr_line' id='line_1_10' title="bbox 268 3145 1388 3229; baseline 0.004 -23"><span class='ocrx_word' id='word_1_64' title='bbox 268 3145 389 3207; x_wconf 92' lang='lat' dir='ltr'><strong>riorum</strong></span> <span class='ocrx_word' id='word_1_65' title='bbox 425 3164 548 3209; x_wconf 89' lang='lat' dir='ltr'><strong>errores</strong></span> <span class='ocrx_word' id='word_1_66' title='bbox 577 3147 744 3229; x_wconf 80' lang='lat' dir='ltr'><strong>corrigere,</strong></span> <span class='ocrx_word' id='word_1_67' title='bbox 773 3147 1095 3228; x_wconf 85' lang='lat' dir='ltr'><strong>grammaticorumve</strong></span> <span class='ocrx_word' id='word_1_68' title='bbox 1117 3147 1254 3229; x_wconf 88' lang='lat' dir='ltr'><strong>ineptias</strong></span> <span class='ocrx_word' id='word_1_69' title='bbox 1277 3147 1388 3211; x_wconf 88' lang='lat' dir='ltr'><strong>tollere</strong></span> 
     </span>
     <span class='ocr_line' id='line_1_11' title="bbox 269 3255 1386 3342; baseline 0.002 -22"><span class='ocrx_word' id='word_1_70' title='bbox 269 3257 383 3321; x_wconf 89' lang='lat' dir='ltr'><strong>studet.</strong></span> <span class='ocrx_word' id='word_1_71' title='bbox 417 3257 497 3320; x_wconf 90' lang='lat' dir='ltr'><strong>Mihi</strong></span> <span class='ocrx_word' id='word_1_72' title='bbox 528 3262 635 3322; x_wconf 87' lang='lat' dir='ltr'><strong>tamen</strong></span> <span class='ocrx_word' id='word_1_73' title='bbox 666 3259 818 3342; x_wconf 89' lang='lat' dir='ltr'><strong>permulti</strong></span> <span class='ocrx_word' id='word_1_74' title='bbox 848 3255 1053 3322; x_wconf 89' lang='lat' dir='ltr'><strong>Oeconomici</strong></span> <span class='ocrx_word' id='word_1_75' title='bbox 1082 3258 1143 3321; x_wconf 92' lang='lat' dir='ltr'><strong>loci</strong></span> <span class='ocrx_word' id='word_1_76' title='bbox 1175 3262 1247 3341; x_wconf 86' lang='lat' dir='ltr'><strong>post</strong></span> <span class='ocrx_word' id='word_1_77' title='bbox 1270 3257 1386 3322; x_wconf 87' lang='lat' dir='ltr'><strong>multas</strong></span> 
     </span>
     <span class='ocr_line' id='line_1_12' title="bbox 268 3369 1386 3453; baseline 0.004 -22"><span class='ocrx_word' id='word_1_78' title='bbox 268 3369 447 3453; x_wconf 86' lang='lat' dir='ltr'><strong>longasque</strong></span> <span class='ocrx_word' id='word_1_79' title='bbox 481 3371 723 3435; x_wconf 90' lang='lat' dir='ltr'><strong>deliberationes</strong></span> <span class='ocrx_word' id='word_1_80' title='bbox 756 3371 880 3435; x_wconf 89' lang='lat' dir='ltr'><strong>ferendi</strong></span> <span class='ocrx_word' id='word_1_81' title='bbox 911 3390 974 3434; x_wconf 92' lang='lat' dir='ltr'><strong>non</strong></span> <span class='ocrx_word' id='word_1_82' title='bbox 1006 3390 1076 3435; x_wconf 88' lang='lat' dir='ltr'><strong>esse</strong></span> <span class='ocrx_word' id='word_1_83' title='bbox 1107 3371 1168 3435; x_wconf 86' lang='lat' dir='ltr'><strong>visi</strong></span> <span class='ocrx_word' id='word_1_84' title='bbox 1198 3375 1290 3451; x_wconf 89' lang='lat' dir='ltr'><strong>sunt;</strong></span> <span class='ocrx_word' id='word_1_85' title='bbox 1314 3372 1386 3436; x_wconf 90' lang='lat' dir='ltr'><strong>illos</strong></span> 
     </span>
     <span class='ocr_line' id='line_1_13' title="bbox 269 3481 1386 3567; baseline 0.002 -22"><span class='ocrx_word' id='word_1_86' title='bbox 269 3499 344 3563; x_wconf 86' lang='lat' dir='ltr'><strong>ergo</strong></span> <span class='ocrx_word' id='word_1_87' title='bbox 366 3481 524 3563; x_wconf 87' lang='lat' dir='ltr'><strong>indicabo,</strong></span> <span class='ocrx_word' id='word_1_88' title='bbox 552 3487 583 3546; x_wconf 88' lang='lat' dir='ltr'><strong>et</strong></span> <span class='ocrx_word' id='word_1_89' title='bbox 605 3488 661 3547; x_wconf 87' lang='lat' dir='ltr'><strong>eut</strong></span> <span class='ocrx_word' id='word_1_90' title='bbox 684 3502 770 3547; x_wconf 88' lang='lat' dir='ltr'><strong>meas</strong></span> <span class='ocrx_word' id='word_1_91' title='bbox 793 3502 966 3567; x_wconf 91' lang='lat' dir='ltr'><strong>proponam</strong></span> <span class='ocrx_word' id='word_1_92' title='bbox 990 3485 1199 3563; x_wconf 86' lang='lat' dir='ltr'><strong>coniecturas,</strong></span> <span class='ocrx_word' id='word_1_93' title='bbox 1223 3488 1279 3547; x_wconf 93' lang='lat' dir='ltr'><strong>eut</strong></span> <span class='ocrx_word' id='word_1_94' title='bbox 1301 3485 1386 3548; x_wconf 81' lang='lat' dir='ltr'><strong>viam</strong></span> 
     </span>
     <span class='ocr_line' id='line_1_14' title="bbox 270 3595 1387 3679; baseline 0.005 -23"><span class='ocrx_word' id='word_1_95' title='bbox 270 3598 446 3659; x_wconf 88' lang='lat' dir='ltr'><strong>monstrare</strong></span> <span class='ocrx_word' id='word_1_96' title='bbox 480 3595 627 3677; x_wconf 89' lang='lat' dir='ltr'><strong>conabor,</strong></span> <span class='ocrx_word' id='word_1_97' title='bbox 659 3615 741 3679; x_wconf 91' lang='lat' dir='ltr'><strong>quae</strong></span> <span class='ocrx_word' id='word_1_98' title='bbox 771 3596 812 3659; x_wconf 89' lang='lat' dir='ltr'><strong>ed</strong></span> <span class='ocrx_word' id='word_1_99' title='bbox 835 3598 1001 3660; x_wconf 82' lang='lat' dir='ltr'><strong>veritatem</strong></span> <span class='ocrx_word' id='word_1_100' title='bbox 1023 3596 1249 3660; x_wconf 87' lang='lat' dir='ltr'><strong>inveniendam</strong></span> <span class='ocrx_word' id='word_1_101' title='bbox 1271 3597 1387 3662; x_wconf 87' lang='lat' dir='ltr'><strong>ducere</strong></span> 
     </span>
     <span class='ocr_line' id='line_1_15' title="bbox 269 3706 1387 3792; baseline 0.005 -24"><span class='ocrx_word' id='word_1_102' title='bbox 269 3706 422 3770; x_wconf 87' lang='lat' dir='ltr'><strong>videatur.</strong></span> <span class='ocrx_word' id='word_1_103' title='bbox 447 3706 568 3782; x_wconf 80' lang='lat' dir='ltr'><strong>Quodsi</strong></span> <span class='ocrx_word' id='word_1_104' title='bbox 587 3711 655 3792; x_wconf 89' lang='lat' dir='ltr'><strong>ipse</strong></span> <span class='ocrx_word' id='word_1_105' title='bbox 674 3728 917 3792; x_wconf 91' lang='lat' dir='ltr'><strong>nonnumquam</strong></span> <span class='ocrx_word' id='word_1_106' title='bbox 938 3711 972 3772; x_wconf 92' lang='lat' dir='ltr'><strong>in</strong></span> <span class='ocrx_word' id='word_1_107' title='bbox 992 3708 1083 3771; x_wconf 89' lang='lat' dir='ltr'><strong>illum</strong></span> <span class='ocrx_word' id='word_1_108' title='bbox 1101 3709 1199 3772; x_wconf 85' lang='lat' dir='ltr'><strong>incidi</strong></span> <span class='ocrx_word' id='word_1_109' title='bbox 1211 3711 1387 3792; x_wconf 90' lang='lat' dir='ltr'><strong>scopulum,</strong></span> 
     </span>
     <span class='ocr_line' id='line_1_16' title="bbox 250 3818 1387 3905; baseline 0.005 -24"><span class='ocrx_word' id='word_1_110' title='bbox 250 3818 311 3882; x_wconf 86' lang='lat' dir='ltr'><strong>¹de</strong></span> <span class='ocrx_word' id='word_1_111' title='bbox 348 3838 412 3901; x_wconf 92' lang='lat' dir='ltr'><strong>quo</strong></span> <span class='ocrx_word' id='word_1_112' title='bbox 447 3839 544 3904; x_wconf 88' lang='lat' dir='ltr'><strong>supra</strong></span> <span class='ocrx_word' id='word_1_113' title='bbox 578 3821 656 3904; x_wconf 86' lang='lat' dir='ltr'><strong>dixi,</strong></span> <span class='ocrx_word' id='word_1_114' title='bbox 689 3823 834 3905; x_wconf 87' lang='lat' dir='ltr'><strong>ignoscet</strong></span> <span class='ocrx_word' id='word_1_115' title='bbox 867 3821 1042 3885; x_wconf 84' lang='lat' dir='ltr'><strong>benevolus</strong></span> <span class='ocrx_word' id='word_1_116' title='bbox 1069 3822 1175 3901; x_wconf 86' lang='lat' dir='ltr'><strong>lector,</strong></span> <span class='ocrx_word' id='word_1_117' title='bbox 1206 3840 1321 3905; x_wconf 93' lang='lat' dir='ltr'><strong>meque</strong></span> <span class='ocrx_word' id='word_1_118' title='bbox 1351 3841 1387 3887; x_wconf 91' lang='lat' dir='ltr'><strong>ea</strong></span> 
     </span>
     <span class='ocr_line' id='line_1_17' title="bbox 270 3930 1385 4017; baseline 0.004 -25"><span class='ocrx_word' id='word_1_119' title='bbox 270 3930 440 4013; x_wconf 83' lang='lat' dir='ltr'><strong>redarguat</strong></span> <span class='ocrx_word' id='word_1_120' title='bbox 454 3932 661 4014; x_wconf 85' lang='lat' dir='ltr'><strong>humanitate,</strong></span> <span class='ocrx_word' id='word_1_121' title='bbox 675 3952 757 4016; x_wconf 90' lang='lat' dir='ltr'><strong>quae</strong></span> <span class='ocrx_word' id='word_1_122' title='bbox 769 3935 856 3997; x_wconf 84' lang='lat' dir='ltr'><strong>viros</strong></span> <span class='ocrx_word' id='word_1_123' title='bbox 868 3933 1054 4017; x_wconf 86' lang='lat' dir='ltr'><strong>philologos,</strong></span> <span class='ocrx_word' id='word_1_124' title='bbox 1065 3933 1257 4017; x_wconf 89' lang='lat' dir='ltr'><strong>illarumque</strong></span> <span class='ocrx_word' id='word_1_125' title='bbox 1269 3935 1385 3999; x_wconf 73' lang='lat' dir='ltr'><strong>mfium</strong></span> 
     </span>
     <span class='ocr_line' id='line_1_18' title="bbox 269 4047 1386 4131; baseline 0.006 -26"><span class='ocrx_word' id='word_1_126' title='bbox 269 4049 421 4124; x_wconf 87' lang='lat' dir='ltr'><strong>ementes,</strong></span> <span class='ocrx_word' id='word_1_127' title='bbox 452 4063 534 4128; x_wconf 87' lang='lat' dir='ltr'><strong>quae</strong></span> <span class='ocrx_word' id='word_1_128' title='bbox 563 4065 688 4130; x_wconf 89' lang='lat' dir='ltr'><strong>semper</strong></span> <span class='ocrx_word' id='word_1_129' title='bbox 711 4048 823 4111; x_wconf 90' lang='lat' dir='ltr'><strong>ceteris</strong></span> <span class='ocrx_word' id='word_1_130' title='bbox 846 4047 1052 4111; x_wconf 87' lang='lat' dir='ltr'><strong>humaniores</strong></span> <span class='ocrx_word' id='word_1_131' title='bbox 1075 4047 1176 4112; x_wconf 86' lang='lat' dir='ltr'><strong>dictae</strong></span> <span class='ocrx_word' id='word_1_132' title='bbox 1198 4047 1386 4131; x_wconf 87' lang='lat' dir='ltr'><strong>habitaeque</strong></span> 
     </span>
     <span class='ocr_line' id='line_1_19' title="bbox 270 4157 655 4241; baseline 0.008 -23"><span class='ocrx_word' id='word_1_133' title='bbox 270 4160 354 4237; x_wconf 88' lang='lat' dir='ltr'><strong>sunt,</strong></span> <span class='ocrx_word' id='word_1_134' title='bbox 377 4157 534 4241; x_wconf 90' lang='lat' dir='ltr'><strong>imprimis</strong></span> <span class='ocrx_word' id='word_1_135' title='bbox 557 4159 655 4223; x_wconf 91' lang='lat' dir='ltr'><strong>decet.</strong></span> 
     </span>
    </p>
   </div>
   <div class='ocr_carea' id='block_1_5' title="bbox 0 0 1680 5253">
    <p class='ocr_par' dir='ltr' id='par_1_5' title="bbox 0 0 1680 5253">
     <span class='ocr_line' id='line_1_20' title="bbox 0 0 1680 5253; baseline 0 0"><span class='ocrx_word' id='word_1_136' title='bbox 0 0 1680 5253; x_wconf 95' lang='lat' dir='ltr'><strong> </strong></span> 
     </span>
    </p>
   </div>
  </div>
 </body>
</html>
