3348 5262
743 579 807 642 303

202 758 306 836 μένους
337 761 470 845 pendet;
507 762 596 828 deest
629 781 704 846 ergo
739 762 932 846 infinitivus,
969 765 1027 848 qui
1061 767 1237 832 sententiae
1271 785 1328 850 pro

201 874 345 940 subiecto
377 878 428 939 sit
457 875 570 959 Ipsum
604 881 714 940 autem
748 876 884 940 verbum
910 897 1007 942 nemo
1032 885 1193 962 praestare
1216 884 1331 963 potest,

202 989 280 1071 quid
300 991 477 1054 sententiae
497 990 578 1054 desit
598 992 736 1074 quisque
757 991 853 1056 videt.
865 991 1055 1060 luseramus
1066 1011 1141 1076 ergo
1154 989 1331 1066 καταλέξαι,

202 1106 233 1166 et
265 1103 444 1185 videamus„
478 1121 558 1166 eone
592 1103 700 1168 addito
736 1106 847 1168 omnia
879 1109 977 1168 recte
999 1124 1034 1169 se
1068 1105 1213 1170 habeant.
1244 1105 1332 1170 Dicit

200 1213 422 1298 Theramenes,
446 1214 625 1280 absurdum
650 1215 712 1279 sibi
735 1216 838 1279 videri
862 1214 895 1278 τὸ
918 1219 1028 1296 πρῶτον
1052 1215 1329 1293 aiv....1nsen·

201 1329 309 1411 tentia,
332 1329 428 1392 ouius
447 1328 507 1391 hoc
526 1333 575 1392 est
592 1330 735 1410 initium,
757 1329 916 1395 articulus
936 1329 970 1392 τό
988 1330 1029 1394 ad
1041 1342 1216 1414 utramque
1229 1333 1329 1395 totius

200 1445 323 1523 partem
348 1443 494 1524 pertinet,
518 1461 543 1506 e.
556 1461 619 1524 gr:
644 1439 677 1504 τὸ
697 1443 807 1521 πρῶτον
827 1440 883 1517 μὲν
903 1441 999 1504 ποθεῖν
1018 1437 1120 1504 ἔπειτα
1133 1440 1327 1522 reexcerpere.

200 1551 426 1637 Requiruntur
456 1574 531 1638 ergo
561 1560 671 1619 nostro
703 1555 774 1618 loco
799 1555 863 1618 duo
887 1553 1056 1618 infinitivi:
1081 1554 1245 1635 τὸπρῶτον
1269 1554 1325 1632 μὲν

199 1664 266 1738 τοὺς
300 1665 474 1744 βελτίστους
508 1667 653 1740 κοινωνοὺς
688 1665 863 1741 ποινίσασίαι
895 1662 1129 1744 βούλεσθαι,
1163 1665 1266 1732 ἔπειτα
1298 1666 1329 1731 δὲ

199 1779 375 1858 τρισχιλίους
405 1777 639 1854 καταλέξαι.
671 1780 736 1844 Hic
770 1786 880 1844 tamen
910 1800 968 1864 pro
992 1783 1099 1866 priore
1121 1782 1327 1865 participium

175 1945 176 1948 ι
199 1891 394 1970 βουλομένους
419 1895 573 1977 positum,
596 1894 735 1978 ideoque
759 1895 943 1958 coniunctio
964 1890 1066 1957 ἔπειτα
1086 1891 1118 1958 δέ
1139 1895 1332 1962 omissaest.

199 2006 288 2070 Ferri
312 2012 421 2072 autem
446 2006 604 2072 vocabula
629 2011 738 2087 πρῶτον
764 2003 819 2083 μὲν
840 2026 906 2070 non
923 2011 1070 2091 possunt,
1089 2008 1154 2070 nisi
1172 2007 1212 2071 iis
1224 2003 1328 2070 ἔπειτα

199 2118 231 2183 δέ
254 2125 441 2203 opponatur.
465 2120 672 2186 Manifestum
700 2139 775 2204 ergo
800 2125 849 2184 est
871 2120 970 2184 latere
988 2122 1023 2183 in
1042 2125 1153 2184 nostra
1171 2120 1328 2184 sententia

199 2233 330 2317 aliquod
341 2236 470 2316 vitium,
483 2235 571 2318 quod
582 2238 691 2298 tamen
707 2233 799 2296 facile
812 2232 1061 2316 deprehenditur
1073 2237 1105 2296 et
1115 2233 1206 2297 nullo
1217 2232 1327 2298 labore

199 2347 330 2411 tollitur.
364 2346 514 2410 Duorum
546 2348 633 2411 enim
665 2345 901 2410 vocabulorum
933 2347 1179 2428 transpositione
1210 2345 1256 2408 sic
1278 2348 1327 2408 est

197 2460 392 2544 legendum:
422 2457 464 2524 ὅτι
497 2456 605 2524 ι’ίτοπον
636 2456 728 2531 δοκοίη
754 2457 847 2536 ἑαυτῷ
870 2480 908 2535 γε
930 2450 1001 2521 εἶναι
1023 2459 1170 2537 πρῶτον
1192 2451 1263 2532 μὲν
1286 2456 1326 2520 τὸ

198 2570 392 2650 βουλομένους
410 2571 492 2650 ,τοὺς
526 2571 699 2650 βελτίστους
731 2573 788 2634 τῶν
818 2572 943 2633 πολιτῶν
974 2567 1118 2640 κοινωνοὺς
1150 2568 1327 2642 ποιήσασθαι
1407 2630 1409 2634 ,

196 2686 372 2767 τρισχιλίους
400 2682 617 2772 (καταλέξαι).
643 2685 755 2750 Altera
780 2685 894 2748 deinde
919 2703 979 2760 res,
1003 2703 1101 2767 quam
1127 2681 1189 2746 sibi
1212 2682 1325 2748 absur-

197 2802 272 2868 dam
296 2802 398 2866 videri
420 2801 633 2866 Theramenes
657 2799 807 2881 declarat,
831 2799 958 2881 egregie
981 2796 1184 2880 praecedenti
1208 2815 1324 2860 annec-

196 2916 284 2998 titur,
308 2915 363 2982 sed
386 2913 425 2978 ab
450 2915 591 2978 oratione
613 2913 771 2977 indirecta
794 2911 834 2975 ad
861 2911 1013 2974 directam
1035 2911 1152 2974 transit
1170 2911 1323 2993 scriptor:

196 3024 299 3092 ἔπειτα
328 3027 369 3100 δὲ,
400 3023 470 3108 ἔφη,
501 3025 550 3106 δρῶ
582 3022 677 3102 ἔμοιγε
708 3022 758 3087 δύο
784 3022 866 3100 ἡμᾶς
890 3020 931 3085 τα
952 3020 1155 3087 ἐναντιώτατα
1178 3018 1323 3103 πριίττυν-

195 3163 252 3212 τας
275 3139 337 3204 ιιτὲ.

239 3253 299 3338 ΙΠ,
331 3255 381 3318 20.
415 3251 504 3329 Quae
533 3254 586 3326 hic
605 3257 780 3348 narrantur
805 3252 844 3316 de
867 3251 969 3314 armis
992 3270 1011 3315 a
1033 3251 1243 3334 trigintaviris
1267 3269 1324 3334 per

197 3368 309 3432 dolum
345 3367 470 3432 civibus
505 3343 664 3450 ademptis
699 3372 765 3432 tam
799 3364 935 3429 obscura
966 3369 1052 3446 sunt,
1083 3368 1120 3427 ut
1150 3365 1250 3428 satius
1282 3365 1324 3428 sit

196 3482 409 3566 ignorantiam
432 3481 524 3546 fateri
548 3500 647 3564 quam
673 3479 774 3543 ullam
797 3482 919 3544 tentare
940 3476 1196 3560 explicationem.
1217 3475 1323 3542 Lubet

195 3599 305 3660 tamen
327 3594 508 3660 adscribere
531 3612 613 3677 quae
635 3591 797 3657 Diodorus
822 3591 919 3656 tradit
939 3590 978 3654 de
997 3588 1155 3670 Dionysio
1175 3594 1323 3674 tyranno,

196 3710 273 3791 quia
300 3709 356 3772 illa
379 3709 437 3792 qui
459 3708 537 3791 legit
558 3726 625 3770 nou
648 3710 756 3789 potest
777 3725 844 3769 nou
868 3705 907 3769 de
933 3707 1043 3768 nostro
1067 3703 1139 3766 loco
1164 3704 1321 3786 cogitare:

196 3819 341 3893 Διονύσιος
364 3820 396 3884 δὲ
420 3818 486 3892 τοὺς
508 3817 699 3900 Συρακοσίους
723 3816 773 3882 ἐπὶ
798 3817 846 3882 τὸν
867 3816 997 3898 θερισμὸν
1014 3813 1194 3888 ἀποστείλας
1213 3815 1323 3888 ε’πῆλίε

194 3925 249 4008 τοὶς
274 3933 374 4007 οίιιίας,
397 3931 450 3998 καὶ
474 3932 515 3997 τοὶ
536 3929 592 4010 μὲν
615 3930 695 3996 ὅπλα
719 3929 836 3998 πιίνταν
858 3929 1001 4012 ιίΦείλετο
1024 3928 1084 3994 ari.

236 4048 295 4132 III,
320 4049 370 4113 31.
397 4052 455 4112 Δεῖ
475 4045 515 4120 δὲ,
540 4040 561 4108 ὦ
585 4043 763 4126 Θνροίμενες,
785 4041 876 4124 ἄνδρα
897 4043 949 4106 τὸν
970 4039 1048 4116 ι’ίξιον
1067 4039 1121 4121 ζῆν
1138 4041 1169 4105 οὐ
1183 4037 1321 4121 προαίρειν

193 4162 247 4239 μὲν
270 4161 356 4226 δεινὸν
378 4155 448 4224 εἶναι
474 4160 513 4232 είς
536 4157 708 4240 πράγματα
731 4155 797 4228 τοὺς
822 4155 971 4228 συνόντας,
997 4152 1030 4229 ἦν
1054 4154 1085 4220 δέ
1108 4179 1135 4218 τι
1155 4151 1319 4234 οἰντιιιίπτρ

193 4275 273 4347 εὐθὺς
302 4272 561 4354 μεταβάλλεσθαι,
593 4272 663 4336 ἀλλ’
695 4269 785 4353 ὥςπερ
809 4271 838 4334 ἐν
861 4269 903 4344 rai
927 4269 1123 4334 διαπονεῖσθαι
1145 4265 1197 4340 ἕως
1221 4265 1258 4332 dtr
1280 4267 1321 4342 είς
