3352 5260
715 717 717 722 ¹
749 637 811 700 101

211 825 315 891 Unice
348 845 461 890 verum
497 830 546 890 est
580 824 666 909 quod
697 823 732 886 in
764 823 974 889 deterioribus
1007 823 1170 889 codicibus
1201 825 1335 908 legitur:

211 935 235 1012 ὅ,
267 961 296 1002 τι
330 936 429 1016 ἄγετε.
462 939 545 1004 Nam
576 939 725 1003 meliores
751 937 791 1001 do
815 956 904 1002 more
927 937 1049 1022 ahquid
1074 938 1227 1022 praebent
1251 939 1337 1023 quod

212 1053 316 1117 n‘sum
338 1056 482 1116 moveat:
507 1046 530 1124 ὅ,
555 1074 583 1114 τι
608 1048 645 1114 ἂν
666 1049 797 1123 αἰτῆται.

257 1165 304 1229 Π).
335 1164 459 1230 Deinde
492 1167 538 1229 sic
567 1166 671 1249 pergit
692 1163 896 1229 Heraclides:
921 1160 973 1227 καὶ
997 1161 1114 1242 ἄμεινον
1138 1163 1206 1242 ὑμῖν
1230 1161 1337 1228 trous!-

213 1300 297 1342 cerat
320 1275 337 1350 ἢ
362 1277 413 1341 ἐὰν
436 1275 565 1358 Μηδόκῳ
587 1278 628 1357 τῷ
650 1274 745 1357 πρόσω
766 1277 886 1341 οἰκοῦντι
904 1277 987 1342 δῶτε.
999 1278 1146 1345 Verbum
1159 1276 1336 1342 διακείσεται

214 1392 266 1455 hic
301 1410 368 1455 non
402 1395 451 1456 ost
484 1397 570 1456 recte
600 1392 760 1474 positum:
792 1411 858 1454 non
881 1393 967 1455 enim
993 1392 1147 1458 derebus
1170 1391 1339 1456 adhibetur

214 1504 270 1569 sed
301 1504 341 1568 de
370 1503 544 1569 conditione
574 1503 734 1568 bominum
764 1505 868 1588 deque
898 1506 1030 1587 ratione,
1054 1524 1136 1590 quae
1158 1508 1243 1570 inter
1265 1505 1339 1569 iilos

214 1618 392 1684 intercedit.
414 1617 499 1703 Lege
521 1637 612 1702 ergo:
634 1616 777 1692 κείσεταις
797 1619 843 1681 ita
863 1620 949 1682 onim
969 1605 1101 1684 habebis
1120 1619 1339 1702 metaphoram

215 1751 233 1795 a
250 1733 395 1816 pecuniis
406 1733 439 1795 in
453 1732 584 1797 foenore
595 1732 708 1816 positis
721 1731 931 1815 desumptam,
943 1751 1026 1815 quae
1038 1733 1091 1800 hic
1103 1733 1269 1816 aptissima
1281 1736 1337 1797 est.

258 1844 318 1926 HI,
343 1845 394 1907 21.
421 1845 460 1908 In
484 1846 642 1926 convivio,
665 1844 751 1928 quod
776 1843 910 1908 Seuthes
934 1845 1106 1928 apparavit,
1129 1842 1260 1924 τρίποδες
1283 1843 1338 1917 εἱς-

217 1956 379 2036 ενὲχθησαν
421 1961 506 2021 πᾶσι.
541 1958 672 2022 Falsum
707 1977 776 2022 esse
810 1957 884 2020 roim
922 1976 939 2022 e
974 1959 1121 2042 sequenti
1155 1960 1339 2023 narratione

216 2072 339 2155 liquido
360 2077 507 2156 apparet:
528 2091 594 2135 non
617 2073 703 2136 enim
727 2072 867 2155 quisque
890 2073 1026 2134 conviva
1050 2091 1142 2135 suam
1162 2071 1224 2135 sibi
1244 2071 1340 2135 habo-

215 2185 271 2250 bat
294 2187 398 2250 carnis
422 2185 580 2271 panisqne
602 2185 793 2268 portionem,
815 2185 871 2248 sed
894 2180 1031 2260 μάλιστα
1050 2183 1082 2247 αἱ
1100 2181 1341 2264 τραπέζαικατᾶι

215 2297 282 2372 τοὺς
314 2295 410 2372 ξένους
439 2295 487 2361 ἀεὶ
511 2297 642 2370 ἐτίθεντο,
668 2303 700 2362 et
722 2303 894 2382 praeeunte
917 2297 1036 2362 Seuthe
1060 2317 1179 2380 omneS,
1203 2297 1268 2362 καθ’
1293 2294 1342 2371 οὓς

217 2411 248 2475 ai
277 2409 421 2492 τραπέζωι
452 2407 557 2475 ἔκειντο
586 2412 680 2495 panis
704 2412 874 2495 carnisque
897 2409 1000 2475 frusta
1024 2409 1226 2492 amphoram.
1251 2411 1342 2475 Nihil

218 2531 325 2590 autem
359 2527 513 2589 interesse
535 2529 640 2608 potest
663 2526 748 2589 inter
775 2523 951 2606 „mensas”
976 2529 1008 2588 ot
1034 2523 1230 2609 „tripodes''.
1257 2523 1342 2600 Quid

217 2645 324 2704 tamen
348 2641 390 2703 sit
412 2638 585 2722 legendum
608 2639 726 2702 nescio.

261 2752 320 2835 HI,
344 2754 394 2815 35.
418 2751 523 2815 Finito
547 2752 696 2815 convivio
720 2751 871 2815 admonet
892 2751 1027 2815 Seuthes
1052 2752 1158 2815 statim
1180 2752 1215 2814 in
1234 2752 1342 2815 hostes

217 2868 372 2950 impetum
396 2885 466 2930 esse
488 2864 681 2947 faciendum,
705 2866 896 2949 priusquam
920 2884 1011 2928 suarm
1034 2884 1109 2927 oum
1128 2863 1342 2947 Xenophonte

219 2982 401 3045 societatem
425 2981 650 3063 cognoverint:
674 2979 720 3042 ita
743 2979 829 3042 enim
847 2977 924 3060 fore,
944 2983 981 3042 ut
999 2979 1146 3062 imparati
1167 2978 1342 3062 deprehen·

220 3093 344 3175 dantur,
366 3098 398 3157 et
421 3092 515 3156 multi
534 3093 652 3175 captivi
670 3093 851 3176 ingensque
872 3091 987 3174 pracda
1007 3093 1042 3154 in
1060 3093 1205 3175 ipsorum
1225 3072 1342 3156 manus

218 3207 413 3290 perveniant.
443 3204 585 3269 Probent
615 3206 676 3269 hoc
707 3205 878 3269 consilium
910 3203 1105 3269 Graecorum
1130 3205 1237 3269 duces.
1261 3205 1343 3269 Tum

219 3319 402 3404 Xenophon
434 3319 533 3401 docet,
568 3319 727 3402 quomodo
760 3338 875 3403 agmen
906 3319 948 3382 sit
970 3319 1215 3384 instruendum:
1241 3339 1344 3403 quum

220 3435 305 3498 enim
333 3434 395 3497 iter
424 3436 619 3496 nocturnum
648 3430 831 3496 faciendum
864 3433 914 3514 sit,
938 3432 1117 3514 periculum
1148 3451 1218 3496 esse
1241 3451 1291 3513 nc,
1316 3433 1344 3496 si

219 3545 350 3610 Thracio
385 3564 474 3608 more
504 3546 667 3629 equitatus
699 3564 773 3608 eum
802 3545 951 3628 expedita
974 3550 1063 3627 parte
1087 3545 1231 3628 peditum
1255 3564 1345 3628 prae

221 3659 319 3742 cedat,
351 3663 593 3742 sequanturque
620 3657 738 3722 milites
761 3656 914 3740 gravibus
938 3659 1034 3721 armis
1057 3659 1215 3740 instructi,
1238 3663 1342 3722 totum

221 3791 336 3857 agmon
355 3772 557 3835 distrahatur.
578 3770 658 3834 Eius
676 3789 750 3854 ergo
764 3770 979 3834 admonitione
991 3770 1186 3853 praecedunt
1198 3770 1344 3853 hoplitae,

221 3905 336 3970 agmon
370 3886 526 3950 claudunt
559 3885 691 3968 equites.
727 3883 886 3947 Postridie
917 3902 1019 3964 mano,
1051 3883 1107 3946 ubi
1140 3884 1180 3947 ad
1203 3883 1344 3947 hostium

222 4001 310 4065 vicos
334 4004 521 4085 perventum
546 4003 603 4081 cst,
626 3999 729 4062 laetus
750 3998 790 4061 ad
800 3995 1046 4080 Xenophontem
1060 3999 1197 4061 accurrit
1209 3996 1345 4062 Seuthes

222 4115 391 4178 nuntians:
417 4111 490 4176 τάδε
512 4111 547 4184 δὴ
572 4105 593 4174 ὦ
619 4112 749 4190 Ξενοφῶν
772 4107 794 4174 ἃ
816 4108 853 4172 σὺ
876 4106 988 4185 ἔλεγες·
1010 4106 1130 4188 ἔχονται
1153 4109 1177 4172 οἱ
1198 4107 1344 4190 ἄνθρωποι.

224 4226 310 4303 Quin
343 4231 491 4310 corrupta
518 4245 554 4291 ea
577 4227 643 4290 sint
665 4223 806 4310 dubitari
829 4242 894 4286 non
919 4228 1039 4306 potest:
1062 4225 1132 4307 ipse
1155 4225 1241 4288 enim
1266 4223 1346 4289 Seu-

224 4339 304 4424 thes,
335 4358 402 4402 non
434 4337 624 4427 Xenophon,
654 4342 693 4403 ut
722 4337 786 4400 iam
809 4335 959 4419 vidimus,
982 4335 1026 4400 ita
1047 4335 1115 4400 foro
1137 4337 1346 4421 praedixerat
