3348 5262
770 614 834 675 205

232 800 280 864 sit.
302 799 352 863 Ita
374 800 460 862 enim
483 803 514 863 et
537 800 712 864 sententiae
734 803 840 883 partes
864 798 947 863 bene
971 799 1055 862 inter
1078 817 1112 863 se
1132 797 1355 880 cohaerebunt,

153 993 158 1000 1
233 918 263 977 01
287 914 490 977 accusativus
512 911 650 988 τιμωρίαν
673 913 806 977 verbum
831 911 970 995 habebit,
994 912 1079 976 unde
1103 912 1247 997 pendeat.

277 1025 353 1107 XII,
386 1027 436 1089 17.
466 1020 563 1088 ’11ιῶ
587 1025 761 1104 Ἰσχόμαχε
784 1024 833 1088 καὶ
857 1025 925 1088 τόδε
948 1047 997 1102 μοι
1020 1025 1282 1105 παρατραπόμενος
1305 1029 1356 1090 τοῦ

233 1139 321 1216 λόγου
344 1138 473 1212 δήλωσον
496 1136 559 1218 περὶ
583 1143 634 1202 τοῦ
658 1136 853 1208 παιδεύεσθαι,
877 1139 901 1200 εἰ
924 1132 976 1202 οἷόν
1000 1137 1033 1201 τέ
1052 1139 1130 1202 ἐστιν
1150 1136 1250 1215 ἀμελῆ
1270 1139 1358 1202 αὐτὸν

233 1250 303 1316 ὄντα
334 1249 444 1322 ἄλλους
475 1257 564 1316 ποιεῖν
595 1251 755 1328 ἐπιμελεῖς.
790 1252 848 1316 1110
871 1249 967 1328 λόγος,
993 1253 1079 1316 0010
1103 1258 1139 1317 01
1162 1253 1359 1336 digrediatur

234 1366 274 1430 ab
303 1366 509 1430 Ischomache
539 1366 619 1449 petit
645 1363 800 1447 Socrates,
823 1362 979 1444 0101περ1
1002 1368 1058 1428 τῶν
1081 1363 1295 1442 παιδευομένων
1319 1365 1358 1437 εἰς

233 1477 286 1551 τὴν
317 1477 486 1550 ἐπιμέλειαν
512 1479 560 1560 (cf.
585 1479 604 1560 ξ
630 1479 691 1559 10).
716 1478 779 1543 Sed
801 1497 908 1562 neque
932 1499 1013 1563 opus
1037 1484 1164 1542 cretea
1188 1479 1284 1542 verba
1307 1479 1359 1542 hic

235 1593 350 1658 addere
373 1630 411 1639 -
434 1612 528 1656 nemo
548 1594 632 1656 enim
653 1597 717 1656 tam
736 1592 865 1655 infirma
884 1596 932 1656 est
948 1594 1110 1674 memoria,
1123 1596 1234 1656 utnon
1250 1595 1359 1656 memi-

234 1709 326 1789 nerit,
358 1706 444 1791 quod
466 1706 563 1770 fuerit
585 1712 810 1789 argumentum
833 1705 1014 1770 brevissimi
1036 1707 1107 1788 loci,
1130 1707 1190 1789 qui
1213 1707 1360 1789 proxime

235 1820 394 1904 praecedit
415 1858 455 1866 —
476 1825 507 1883 et
525 1820 554 1883 si
572 1821 635 1882 iam
656 1819 800 1883 addenda
821 1825 928 1883 essent
947 1825 1032 1883 certe
1044 1820 1148 1882 omitti
1160 1838 1223 1882 non
1237 1824 1361 1902 poterat

236 1935 390 1998 articulus
420 1937 481 1996 τοῦ.
504 1933 600 1997 Nunc
624 1939 655 1996 et
677 1934 766 1997 illius
789 1933 914 1997 articuli
937 1932 1078 1996 defectus
1102 1937 1133 1996 et
1155 1934 1360 2016 ipsae'aures

239 2047 330 2131 (quid
362 2047 447 2110 enim
470 2046 683 2130 inelegantius
706 2050 753 2111 est
777 2066 873 2129 quam
896 2047 957 2110 ista
980 2045 1168 2109 brevissimo
1192 2046 1360 2109 intervallo

236 2161 398 2243 repetitio:
420 2156 484 2238 περὶ
505 2162 560 2221 τῶν
580 2157 810 2234 παιδευομένων.
822 2206 828 2220 .
840 2206 865 2221 ..
881 2156 944 2238 περὶ
957 2162 1008 2221 τοῦ
1021 2157 1208 2220 παιδεύεσθαι
1217 2159 1244 2238 ‘ll
1258 2158 1361 2222 decla·

236 2277 309 2338 rant
328 2273 425 2337 verba
444 2269 507 2352 περὶ
527 2275 583 2334 τῶν
603 2270 816 2348 παιδευομένων
836 2271 875 2338 εἰς
889 2270 941 2343 τὴν
953 2268 1122 2347 ἐπιμέλειαν
1134 2272 1232 2335 001010
1244 2272 1361 2337 deberi.

283 2386 386 2471 Caput
408 2385 500 2464 XIH,
524 2388 552 2449 8.
583 2385 756 2470 Postquam
782 2386 890 2449 docuit
912 2384 1141 2480 lschomaohus
1165 2405 1265 2468 equos
1288 2406 1362 2469 poe-

237 2502 289 2564 nis
323 2505 354 2564 et
387 2501 539 2584 praemiis
571 2500 610 2563 ad
643 2499 828 2564 discendum
862 2500 997 2580 incitari,
1027 2500 1072 2562 ita
1102 2500 1222 2582 pergit:
1247 2496 1299 2562 καὶ
1323 2497 1363 2561 τοὶ

237 2613 351 2678 κυνίδια
385 2613 415 2677 δὲ
450 2612 525 2677 πολὺ
559 2617 615 2676 τῶν
646 2611 798 2692 ἀνθρώπων
829 2609 881 2675 καὶ
912 2620 947 2691 τῇ
975 2612 1079 2691 yvepp
1102 2610 1154 2674 καὶ
1179 2619 1216 2691 τῇ
1241 2612 1362 2692 γλώττῃ

238 2724 430 2805 ὑποδεέστερα
461 2723 531 2788 ὄντα
561 2721 639 2802 ὅμως
668 2722 720 2787 καὶ
752 2723 929 2803 περιτρέχειν
962 2722 1014 2787 καὶ
1036 2723 1181 2801 κυβιστᾶν
1205 2723 1254 2787 καὶ
1278 2723 1361 2787 ἄλλα

239 2840 340 2904 πολλοὶ
363 2837 501 2916 μανθάνει
524 2839 564 2918 τῷ
589 2838 668 2916 αὐτῷ
690 2836 781 2918 τούτῳ
804 2836 906 2918 τρόπῳ.
934 2837 1013 2913 Quis
1037 2839 1115 2903 haec
1133 2839 1242 2922 legens
1260 2841 1361 2903 risum

240 2957 369 3021 teneat?
392 2957 445 3018 An
470 2975 613 3038 unquam
637 2954 730 3018 bruta
748 2954 898 3017 animalia
916 2955 960 3016 ita
980 2973 1054 3016 cum
1074 2953 1257 3017 hominibus
1279 2973 1364 3017 com-

241 3075 403 3152 parentur,
423 3074 460 3132 01
478 3069 532 3131 illa
552 3068 699 3131 dicantur
717 3067 817 3145 πολλῷ
831 3063 1019 3144 ὑποδεέστερα
1033 3059 1104 3128 εἶναι
1117 3068 1173 3128 τῶν
1185 3063 1362 3145 οἰνθρώπωνῗ2

241 3182 291 3245 110
310 3183 397 3246 enim·
414 3182 575 3245 hominem
595 3180 633 3244 de
652 3179 743 3264 plebe
763 3199 838 3243 oum
857 3179 965 3262 aliquo
985 3177 1200 3244 Demosthene
1222 3179 1365 3244 conferre

241 3295 323 3358 licet.
346 3293 469 3358 Deinde
494 3294 570 3378 quid
595 3313 676 3377 opus
699 3298 747 3357 est
769 3293 900 3376 linguae
922 3292 1073 3357 facultate
1098 3291 1165 3371 πρὸς
1185 3291 1218 3356 τὸ
1238 3291 1365 3372 περιτρέ-

242 3429 307 3486 χειν
331 3405 382 3470 καὶ
406 3408 439 3471 τὸ
461 3406 631 3484 κνβιστέινῗ
655 3406 696 3470 Ili
718 3413 783 3470 tam
807 3409 925 3470 mirum
949 3411 997 3470 est
1020 3407 1178 3488 animalia,
1198 3425 1280 3490 quae
1301 3408 1366 3471 sint

243 3521 428 3585 hominibus
458 3528 494 3600 τῇ
524 3519 627 3599 walae
660 3520 760 3584 multo
790 3519 950 3601 inferiora,
979 3521 1041 3583 ista
1071 3520 1216 3584 discere?
1248 3520 1300 3583 An
1325 3521 1365 3583 ad

243 3634 401 3698 eiusmodi
422 3653 473 3697 res
495 3633 561 3696 fere
584 3634 725 3696 humana
749 3652 829 3716 opus
852 3638 900 3696 001
923 3633 1102 3716 sapientia?
1122 3631 1185 3695 Sed
1204 3637 1291 3695 totus
1312 3630 1367 3695 ille

244 3748 335 3811 locus
364 3745 440 3810 πολὺ
469 3750 526 3810 τῶν
556 3744 708 3826 ἀνθρώπων
739 3783 781 3791 -
812 3742 883 3808 ὄντα
915 3743 992 3822 ὅμως
1020 3743 1073 3808 καί
1094 3745 1172 3828 quid
1197 3744 1258 3808 sibi
1281 3744 1367 3826 velit,

244 3859 417 3924 obscurum
448 3865 503 3924 001.
526 3859 600 3923 Non
624 3861 709 3924 enim
734 3879 849 3922 canum
876 3859 1059 3942 exemplum
1083 3858 1213 3922 affertur
1235 3857 1275 3920 ad
1298 3876 1366 3920 rem

243 3973 306 4037 fide
330 3975 481 4037 maiorem
505 3973 707 4054 narrandam,
731 3972 785 4036 sed
809 3977 846 4036 ut
869 3977 900 4035 et
923 3971 971 4034 illi
992 3972 1173 4035 testimonio
1197 3971 1367 4052 0101001-

244 4087 308 4151 lam
340 4087 502 4150 meliorem
534 4104 603 4150 esse
633 4087 877 4166 institutionem,
901 4104 998 4167 quam
1021 4084 1155 4167 praemii
1179 4103 1267 4166 spem
1291 4102 1369 4166 poe-

244 4219 370 4284 naeque
400 4205 529 4264 metum.
559 4198 653 4262 Unde
683 4204 789 4263 tamen
819 4197 909 4260 locus
940 4215 1032 4260 eme
1055 4200 1184 4259 notatus
1209 4196 1363 4278 originem

244 4315 378 4378 traxerit
401 4315 517 4378 000010.
540 4314 593 4375 An
617 4312 713 4376 verba
734 4314 791 4375 τῶν
816 4307 968 4390 ἀνθρώπων
994 4314 1025 4373 01
1047 4305 1099 4372 καὶ
1122 4315 1159 4389 τῇ
1182 4306 1301 4389 γλώττῃ
1326 4307 1365 4374 ab
