<?xml version="1.0" encoding="UTF-8"?>
<!DOCTYPE html PUBLIC "-//W3C//DTD XHTML 1.0 Transitional//EN"
    "http://www.w3.org/TR/xhtml1/DTD/xhtml1-transitional.dtd">
<html xmlns="http://www.w3.org/1999/xhtml" xml:lang="en" lang="en">
 <head>
  <title>
</title>
<meta http-equiv="Content-Type" content="text/html;charset=utf-8" />
  <meta name='ocr-system' content='tesseract 3.04.00' />
  <meta name='ocr-capabilities' content='ocr_page ocr_carea ocr_par ocr_line ocrx_word'/>
</head>
<body>
  <div class='ocr_page' id='page_1' title='image "./analectaxenopho00hartgoog_0217.png"; bbox 0 0 3348 5262; ppageno 0'>
   <div class='ocr_carea' id='block_1_1' title="bbox 867 607 931 670">
    <p class='ocr_par' dir='ltr' id='par_1_1' title="bbox 867 607 931 670">
     <span class='ocr_line' id='line_1_1' title="bbox 867 607 931 670; baseline -0.031 0"><span class='ocrx_word' id='word_1_1' title='bbox 867 607 931 670; x_wconf 82' lang='lat'>202</span> 
     </span>
    </p>
   </div>
   <div class='ocr_carea' id='block_1_2' title="bbox 295 790 1458 4384">
    <p class='ocr_par' dir='ltr' id='par_1_2' title="bbox 295 790 1452 1534">
     <span class='ocr_line' id='line_1_2' title="bbox 373 790 1451 872; baseline 0.002 -18"><span class='ocrx_word' id='word_1_2' title='bbox 373 790 432 872; x_wconf 84' lang='lat' dir='ltr'>lx,</span> <span class='ocrx_word' id='word_1_3' title='bbox 467 791 517 853; x_wconf 88' lang='grc'>16.</span> <span class='ocrx_word' id='word_1_4' title='bbox 552 791 677 871; x_wconf 83' lang='lat' dir='ltr'>„Servo</span> <span class='ocrx_word' id='word_1_5' title='bbox 711 791 831 854; x_wconf 85' lang='lat' dir='ltr'>nullum</span> <span class='ocrx_word' id='word_1_6' title='bbox 864 809 931 854; x_wconf 90' lang='lat' dir='ltr'>rem</span> <span class='ocrx_word' id='word_1_7' title='bbox 962 792 996 854; x_wconf 91' lang='lat' dir='ltr'>in</span> <span class='ocrx_word' id='word_1_8' title='bbox 1026 811 1120 856; x_wconf 89' lang='lat' dir='ltr'>suum</span> <span class='ocrx_word' id='word_1_9' title='bbox 1146 811 1242 856; x_wconf 92' lang='lat' dir='ltr'>usum</span> <span class='ocrx_word' id='word_1_10' title='bbox 1267 795 1451 856; x_wconf 83' lang='lat' dir='ltr'>convertere</span> 
     </span>
     <span class='ocr_line' id='line_1_3' title="bbox 329 897 1451 985; baseline 0.001 -19"><span class='ocrx_word' id='word_1_11' title='bbox 329 904 411 985; x_wconf 78' lang='lat' dir='ltr'>licet,</span> <span class='ocrx_word' id='word_1_12' title='bbox 430 905 494 968; x_wconf 89' lang='lat' dir='ltr'>nisi</span> <span class='ocrx_word' id='word_1_13' title='bbox 513 904 599 968; x_wconf 85' lang='lat' dir='ltr'><strong>dedit</strong></span> <span class='ocrx_word' id='word_1_14' title='bbox 620 905 785 968; x_wconf 87' lang='lat' dir='ltr'>dominus:</span> <span class='ocrx_word' id='word_1_15' title='bbox 799 901 939 968; x_wconf 79' lang='grc' dir='ltr'>δεσπότου</span> <span class='ocrx_word' id='word_1_16' title='bbox 958 902 989 968; x_wconf 76' lang='grc' dir='ltr'>δὲ</span> <span class='ocrx_word' id='word_1_17' title='bbox 1000 901 1124 968; x_wconf 78' lang='grc' dir='ltr'>ἅπαντά</span> <span class='ocrx_word' id='word_1_18' title='bbox 1136 904 1214 969; x_wconf 84' lang='grc' dir='ltr'><em>ἐστιν</em></span> <span class='ocrx_word' id='word_1_19' title='bbox 1225 897 1246 984; x_wconf 79' lang='grc' dir='ltr'><strong><em>ᾧ</em></strong></span> <span class='ocrx_word' id='word_1_20' title='bbox 1258 902 1295 968; x_wconf 86' lang='grc' dir='ltr'>άν</span> <span class='ocrx_word' id='word_1_21' title='bbox 1307 903 1451 982; x_wconf 80' lang='grc' dir='ltr'>βούληται</span> 
     </span>
     <span class='ocr_line' id='line_1_4' title="bbox 295 1009 1452 1101; baseline 0.003 -23"><span class='ocrx_word' id='word_1_22' title='bbox 295 1009 299 1016; x_wconf 85' lang='grc'><strong>’</strong></span> <span class='ocrx_word' id='word_1_23' title='bbox 328 1013 442 1080; x_wconf 80' lang='grc' dir='ltr'><em>ἕκαστα</em></span> <span class='ocrx_word' id='word_1_24' title='bbox 464 1016 623 1095; x_wconf 76' lang='grc' dir='ltr'><em>χρῆσθαι,”</em></span> <span class='ocrx_word' id='word_1_25' title='bbox 648 1016 777 1080; x_wconf 80' lang='lat' dir='ltr'>Soloecu</span> <span class='ocrx_word' id='word_1_26' title='bbox 798 1022 830 1080; x_wconf 88' lang='lat' dir='ltr'>et</span> <span class='ocrx_word' id='word_1_27' title='bbox 850 1023 1000 1100; x_wconf 82' lang='lat' dir='ltr'>corrupta</span> <span class='ocrx_word' id='word_1_28' title='bbox 1021 1037 1090 1082; x_wconf 91' lang='lat' dir='ltr'>esse</span> <span class='ocrx_word' id='word_1_29' title='bbox 1111 1017 1231 1082; x_wconf 84' lang='lat' dir='ltr'>Graeca</span> <span class='ocrx_word' id='word_1_30' title='bbox 1252 1017 1357 1100; x_wconf 83' lang='lat' dir='ltr'>verbu,</span> <span class='ocrx_word' id='word_1_31' title='bbox 1370 1037 1452 1101; x_wconf 82' lang='lat' dir='ltr'>quae</span> 
     </span>
     <span class='ocr_line' id='line_1_5' title="bbox 331 1129 1452 1214; baseline 0.003 -22"><span class='ocrx_word' id='word_1_32' title='bbox 331 1130 435 1210; x_wconf 80' lang='lat' dir='ltr'>citavi,</span> <span class='ocrx_word' id='word_1_33' title='bbox 470 1131 581 1212; x_wconf 85' lang='lat' dir='ltr'>negari</span> <span class='ocrx_word' id='word_1_34' title='bbox 616 1149 680 1193; x_wconf 93' lang='lat' dir='ltr'>nou</span> <span class='ocrx_word' id='word_1_35' title='bbox 715 1135 837 1214; x_wconf 89' lang='lat' dir='ltr'>potest:</span> <span class='ocrx_word' id='word_1_36' title='bbox 874 1129 961 1194; x_wconf 90' lang='lat' dir='ltr'>uude</span> <span class='ocrx_word' id='word_1_37' title='bbox 993 1131 1078 1195; x_wconf 89' lang='lat' dir='ltr'>enim</span> <span class='ocrx_word' id='word_1_38' title='bbox 1109 1131 1227 1214; x_wconf 81' lang='lat' dir='ltr'>pendet</span> <span class='ocrx_word' id='word_1_39' title='bbox 1249 1132 1452 1195; x_wconf 87' lang='lat' dir='ltr'>accusativus</span> 
     </span>
     <span class='ocr_line' id='line_1_6' title="bbox 328 1237 1452 1327; baseline 0.004 -24"><span class='ocrx_word' id='word_1_40' title='bbox 328 1237 468 1308; x_wconf 69' lang='grc' dir='ltr'>ἕκασταῗ</span> <span class='ocrx_word' id='word_1_41' title='bbox 500 1239 615 1306; x_wconf 87' lang='lat' dir='ltr'>Omnia</span> <span class='ocrx_word' id='word_1_42' title='bbox 649 1247 733 1306; x_wconf 87' lang='lat' dir='ltr'>recte</span> <span class='ocrx_word' id='word_1_43' title='bbox 755 1243 936 1326; x_wconf 81' lang='lat' dir='ltr'>procedent,</span> <span class='ocrx_word' id='word_1_44' title='bbox 960 1244 988 1306; x_wconf 94' lang='lat' dir='ltr'>si</span> <span class='ocrx_word' id='word_1_45' title='bbox 1011 1262 1069 1326; x_wconf 90' lang='lat' dir='ltr'>pro</span> <span class='ocrx_word' id='word_1_46' title='bbox 1093 1239 1208 1306; x_wconf 79' lang='grc' dir='ltr'><em>ἕκαστα</em></span> <span class='ocrx_word' id='word_1_47' title='bbox 1232 1244 1452 1327; x_wconf 85' lang='lat' dir='ltr'>scripserimus</span> 
     </span>
     <span class='ocr_line' id='line_1_7' title="bbox 329 1351 1452 1440; baseline 0.001 -22"><span class='ocrx_word' id='word_1_48' title='bbox 329 1352 478 1428; x_wconf 82' lang='grc' dir='ltr'>ἑκάστοτε,</span> <span class='ocrx_word' id='word_1_49' title='bbox 503 1361 534 1420; x_wconf 91' lang='lat' dir='ltr'>et</span> <span class='ocrx_word' id='word_1_50' title='bbox 557 1357 734 1440; x_wconf 86' lang='lat' dir='ltr'>comparari</span> <span class='ocrx_word' id='word_1_51' title='bbox 752 1363 904 1440; x_wconf 89' lang='lat' dir='ltr'>poterunt</span> <span class='ocrx_word' id='word_1_52' title='bbox 922 1357 998 1421; x_wconf 85' lang='lat' dir='ltr'>haec</span> <span class='ocrx_word' id='word_1_53' title='bbox 1018 1375 1035 1422; x_wconf 88' lang='lat' dir='ltr'>e</span> <span class='ocrx_word' id='word_1_54' title='bbox 1056 1357 1211 1421; x_wconf 81' lang='lat' dir='ltr'>Convivis</span> <span class='ocrx_word' id='word_1_55' title='bbox 1231 1351 1452 1438; x_wconf 78' lang='grc' dir='ltr'>(Ι,14);ώνπερ</span> 
     </span>
     <span class='ocr_line' id='line_1_8' title="bbox 329 1463 1007 1534; baseline 0.006 -5"><span class='ocrx_word' id='word_1_56' title='bbox 329 1463 414 1531; x_wconf 80' lang='grc' dir='ltr'><em>ἕνεκα</em></span> <span class='ocrx_word' id='word_1_57' title='bbox 436 1468 571 1532; x_wconf 81' lang='grc' dir='ltr'><em>ἐκαλεῖτο</em></span> <span class='ocrx_word' id='word_1_58' title='bbox 593 1465 734 1532; x_wconf 81' lang='grc' dir='ltr'>ἑκάστοτε</span> <span class='ocrx_word' id='word_1_59' title='bbox 755 1467 805 1533; x_wconf 80' lang='grc' dir='ltr'><em>ε’πί</em></span> <span class='ocrx_word' id='word_1_60' title='bbox 828 1469 868 1534; x_wconf 81' lang='grc' dir='ltr'>τά</span> <span class='ocrx_word' id='word_1_61' title='bbox 891 1468 1007 1534; x_wconf 77' lang='grc' dir='ltr'><em>δεῖπνα.</em></span> 
     </span>
    </p>

    <p class='ocr_par' dir='ltr' id='par_1_3' title="bbox 330 1580 1454 2571">
     <span class='ocr_line' id='line_1_9' title="bbox 374 1580 1453 1668; baseline 0.005 -25"><span class='ocrx_word' id='word_1_62' title='bbox 374 1580 434 1663; x_wconf 84' lang='grc' dir='ltr'>ΙΧ,</span> <span class='ocrx_word' id='word_1_63' title='bbox 458 1583 507 1644; x_wconf 89' lang='grc'>18.</span> <span class='ocrx_word' id='word_1_64' title='bbox 542 1581 648 1662; x_wconf 80' lang='lat' dir='ltr'>„Falli</span> <span class='ocrx_word' id='word_1_65' title='bbox 679 1603 730 1649; x_wconf 90' lang='lat' dir='ltr'>me</span> <span class='ocrx_word' id='word_1_66' title='bbox 762 1603 845 1647; x_wconf 85' lang='lat' dir='ltr'>uxor</span> <span class='ocrx_word' id='word_1_67' title='bbox 874 1583 1006 1665; x_wconf 82' lang='lat' dir='ltr'>dicebat,</span> <span class='ocrx_word' id='word_1_68' title='bbox 1029 1585 1057 1647; x_wconf 88' lang='lat' dir='ltr'>si</span> <span class='ocrx_word' id='word_1_69' title='bbox 1080 1583 1142 1647; x_wconf 91' lang='lat' dir='ltr'>sibi</span> <span class='ocrx_word' id='word_1_70' title='bbox 1165 1585 1261 1648; x_wconf 93' lang='lat' dir='ltr'>nimis</span> <span class='ocrx_word' id='word_1_71' title='bbox 1282 1603 1380 1668; x_wconf 86' lang='lat' dir='ltr'>grave</span> <span class='ocrx_word' id='word_1_72' title='bbox 1403 1603 1453 1648; x_wconf 90' lang='lat' dir='ltr'>me</span> 
     </span>
     <span class='ocr_line' id='line_1_10' title="bbox 331 1695 1452 1778; baseline 0.004 -22"><span class='ocrx_word' id='word_1_73' title='bbox 331 1712 415 1757; x_wconf 92' lang='lat' dir='ltr'>onus</span> <span class='ocrx_word' id='word_1_74' title='bbox 437 1696 601 1778; x_wconf 88' lang='lat' dir='ltr'>imponere</span> <span class='ocrx_word' id='word_1_75' title='bbox 623 1700 768 1778; x_wconf 88' lang='lat' dir='ltr'>putarem</span> <span class='ocrx_word' id='word_1_76' title='bbox 792 1695 932 1760; x_wconf 88' lang='lat' dir='ltr'>iubendo</span> <span class='ocrx_word' id='word_1_77' title='bbox 956 1697 1002 1761; x_wconf 89' lang='lat' dir='ltr'>rei</span> <span class='ocrx_word' id='word_1_78' title='bbox 1021 1696 1186 1760; x_wconf 89' lang='lat' dir='ltr'>familiaris</span> <span class='ocrx_word' id='word_1_79' title='bbox 1207 1717 1315 1761; x_wconf 88' lang='lat' dir='ltr'>curam</span> <span class='ocrx_word' id='word_1_80' title='bbox 1328 1697 1452 1762; x_wconf 85' lang='lat' dir='ltr'>habere.</span> 
     </span>
     <span class='ocr_line' id='line_1_11' title="bbox 330 1804 1452 1888; baseline 0.004 -20"><span class='ocrx_word' id='word_1_81' title='bbox 330 1805 537 1886; x_wconf 84' lang='grc' dir='ltr'><em>χαλεπώτερον</em></span> <span class='ocrx_word' id='word_1_82' title='bbox 560 1806 617 1886; x_wconf 70' lang='grc' dir='ltr'>γάρ</span> <span class='ocrx_word' id='word_1_83' title='bbox 640 1805 686 1879; x_wconf 85' lang='grc' dir='ltr'>άν,</span> <span class='ocrx_word' id='word_1_84' title='bbox 711 1804 769 1887; x_wconf 78' lang='grc' dir='ltr'>ἔφη</span> <span class='ocrx_word' id='word_1_85' title='bbox 792 1805 898 1888; x_wconf 92' lang='grc' dir='ltr'><em>φάναι,</em></span> <span class='ocrx_word' id='word_1_86' title='bbox 922 1808 946 1872; x_wconf 87' lang='grc' dir='ltr'><em>εί</em></span> <span class='ocrx_word' id='word_1_87' title='bbox 968 1809 1046 1888; x_wconf 72' lang='grc' dir='ltr'>αὐτῇ</span> <span class='ocrx_word' id='word_1_88' title='bbox 1068 1807 1230 1873; x_wconf 85' lang='grc' dir='ltr'><em>ἕπε’ταττον</em></span> <span class='ocrx_word' id='word_1_89' title='bbox 1254 1812 1374 1886; x_wconf 76' lang='grc' dir='ltr'><em>ἀμελεῖν</em></span> <span class='ocrx_word' id='word_1_90' title='bbox 1397 1814 1452 1874; x_wconf 84' lang='grc' dir='ltr'>τών</span> 
     </span>
     <span class='ocr_line' id='line_1_12' title="bbox 332 1918 1454 2005; baseline 0.006 -24"><span class='ocrx_word' id='word_1_91' title='bbox 332 1918 439 1992; x_wconf 75' lang='grc' dir='ltr'>ἑαυτῆς</span> <span class='ocrx_word' id='word_1_92' title='bbox 460 1919 519 1982; x_wconf 86' lang='grc' dir='ltr'>κτὲ.</span> <span class='ocrx_word' id='word_1_93' title='bbox 540 1919 579 1982; x_wconf 92' lang='lat' dir='ltr'>In</span> <span class='ocrx_word' id='word_1_94' title='bbox 600 1919 762 1984; x_wconf 91' lang='lat' dir='ltr'>veteribus</span> <span class='ocrx_word' id='word_1_95' title='bbox 780 1921 975 1986; x_wconf 81' lang='lat' dir='ltr'>editionibus</span> <span class='ocrx_word' id='word_1_96' title='bbox 995 1918 1091 2000; x_wconf 90' lang='grc' dir='ltr'><em>φάναι</em></span> <span class='ocrx_word' id='word_1_97' title='bbox 1110 1926 1194 1986; x_wconf 90' lang='lat' dir='ltr'>recte</span> <span class='ocrx_word' id='word_1_98' title='bbox 1206 1922 1304 2005; x_wconf 63' lang='lat' dir='ltr'>abest,</span> <span class='ocrx_word' id='word_1_99' title='bbox 1317 1924 1454 1988; x_wconf 87' lang='lat' dir='ltr'>sedeius</span> 
     </span>
     <span class='ocr_line' id='line_1_13' title="bbox 331 2028 1453 2114; baseline 0.006 -21"><span class='ocrx_word' id='word_1_100' title='bbox 331 2031 399 2094; x_wconf 92' lang='lat' dir='ltr'>loco</span> <span class='ocrx_word' id='word_1_101' title='bbox 419 2031 623 2096; x_wconf 88' lang='lat' dir='ltr'>scribendum</span> <span class='ocrx_word' id='word_1_102' title='bbox 646 2033 774 2097; x_wconf 88' lang='lat' dir='ltr'>videtur</span> <span class='ocrx_word' id='word_1_103' title='bbox 793 2031 936 2114; x_wconf 65' lang='grc' dir='ltr'><em>νομιζεινε</em></span> <span class='ocrx_word' id='word_1_104' title='bbox 957 2039 1012 2098; x_wconf 84' lang='lat' dir='ltr'>aut</span> <span class='ocrx_word' id='word_1_105' title='bbox 1031 2036 1115 2098; x_wconf 89' lang='lat' dir='ltr'>euim</span> <span class='ocrx_word' id='word_1_106' title='bbox 1134 2028 1345 2100; x_wconf 75' lang='lat' dir='ltr'>hocautsivar</span> <span class='ocrx_word' id='word_1_107' title='bbox 1357 2035 1453 2100; x_wconf 87' lang='lat' dir='ltr'>verbo</span> 
     </span>
     <span class='ocr_line' id='line_1_14' title="bbox 332 2141 1453 2233; baseline 0.008 -28"><span class='ocrx_word' id='word_1_108' title='bbox 332 2141 390 2222; x_wconf 73' lang='grc' dir='ltr'>ἔφη</span> <span class='ocrx_word' id='word_1_109' title='bbox 410 2144 592 2209; x_wconf 85' lang='lat' dir='ltr'>addendum</span> <span class='ocrx_word' id='word_1_110' title='bbox 612 2151 667 2210; x_wconf 87' lang='lat' dir='ltr'>est.</span> <span class='ocrx_word' id='word_1_111' title='bbox 682 2144 745 2209; x_wconf 86' lang='lat' dir='ltr'>Sed</span> <span class='ocrx_word' id='word_1_112' title='bbox 757 2146 954 2230; x_wconf 84' lang='lat' dir='ltr'>probabilius</span> <span class='ocrx_word' id='word_1_113' title='bbox 966 2152 1015 2212; x_wconf 91' lang='lat' dir='ltr'>est</span> <span class='ocrx_word' id='word_1_114' title='bbox 1027 2146 1273 2232; x_wconf 81' lang='lat' dir='ltr'>Xenophontem</span> <span class='ocrx_word' id='word_1_115' title='bbox 1287 2150 1453 2233; x_wconf 86' lang='lat' dir='ltr'>scripsisse</span> 
     </span>
     <span class='ocr_line' id='line_1_15' title="bbox 332 2253 1454 2346; baseline 0.007 -27"><span class='ocrx_word' id='word_1_116' title='bbox 332 2253 391 2335; x_wconf 76' lang='grc' dir='ltr'>ἔφη</span> <span class='ocrx_word' id='word_1_117' title='bbox 416 2255 548 2336; x_wconf 85' lang='grc' dir='ltr'><em>νομίζειν,</em></span> <span class='ocrx_word' id='word_1_118' title='bbox 573 2265 740 2343; x_wconf 88' lang='lat' dir='ltr'>propterea</span> <span class='ocrx_word' id='word_1_119' title='bbox 763 2261 850 2343; x_wconf 90' lang='lat' dir='ltr'>quod</span> <span class='ocrx_word' id='word_1_120' title='bbox 869 2280 946 2324; x_wconf 81' lang='lat' dir='ltr'>mox</span> <span class='ocrx_word' id='word_1_121' title='bbox 967 2261 1075 2325; x_wconf 86' lang='lat' dir='ltr'>eadem</span> <span class='ocrx_word' id='word_1_122' title='bbox 1096 2261 1193 2326; x_wconf 80' lang='lat' dir='ltr'>verba</span> <span class='ocrx_word' id='word_1_123' title='bbox 1211 2264 1317 2346; x_wconf 91' lang='lat' dir='ltr'>inepte</span> <span class='ocrx_word' id='word_1_124' title='bbox 1336 2265 1454 2327; x_wconf 85' lang='lat' dir='ltr'>inserta</span> 
     </span>
     <span class='ocr_line' id='line_1_16' title="bbox 332 2372 1454 2462; baseline 0.006 -27"><span class='ocrx_word' id='word_1_125' title='bbox 332 2372 491 2454; x_wconf 80' lang='lat' dir='ltr'>ridentur,</span> <span class='ocrx_word' id='word_1_126' title='bbox 514 2393 619 2458; x_wconf 89' lang='lat' dir='ltr'>neque</span> <span class='ocrx_word' id='word_1_127' title='bbox 643 2379 749 2441; x_wconf 89' lang='lat' dir='ltr'>tamen</span> <span class='ocrx_word' id='word_1_128' title='bbox 773 2376 813 2439; x_wconf 90' lang='lat' dir='ltr'>de</span> <span class='ocrx_word' id='word_1_129' title='bbox 835 2376 935 2438; x_wconf 92' lang='lat' dir='ltr'>nihilo</span> <span class='ocrx_word' id='word_1_130' title='bbox 959 2382 1043 2453; x_wconf 78' lang='lat' dir='ltr'>nata,</span> <span class='ocrx_word' id='word_1_131' title='bbox 1066 2377 1123 2440; x_wconf 91' lang='lat' dir='ltr'>sed</span> <span class='ocrx_word' id='word_1_132' title='bbox 1146 2378 1279 2462; x_wconf 87' lang='lat' dir='ltr'>repetita</span> <span class='ocrx_word' id='word_1_133' title='bbox 1299 2396 1454 2462; x_wconf 82' lang='lat' dir='ltr'>epraece-</span> 
     </span>
     <span class='ocr_line' id='line_1_17' title="bbox 334 2486 934 2571; baseline 0.005 -22"><span class='ocrx_word' id='word_1_134' title='bbox 334 2486 491 2551; x_wconf 90' lang='lat' dir='ltr'>dentibus.</span> <span class='ocrx_word' id='word_1_135' title='bbox 517 2487 707 2571; x_wconf 87' lang='lat' dir='ltr'>Sequuntur</span> <span class='ocrx_word' id='word_1_136' title='bbox 730 2490 814 2552; x_wconf 90' lang='lat' dir='ltr'>enim</span> <span class='ocrx_word' id='word_1_137' title='bbox 839 2489 934 2553; x_wconf 87' lang='lat' dir='ltr'>haee:</span> 
     </span>
    </p>

    <p class='ocr_par' dir='ltr' id='par_1_4' title="bbox 331 2599 1455 3702">
     <span class='ocr_line' id='line_1_18' title="bbox 377 2599 1455 2685; baseline 0.005 -22"><span class='ocrx_word' id='word_1_138' title='bbox 377 2599 437 2682; x_wconf 87' lang='lat' dir='ltr'>IX,</span> <span class='ocrx_word' id='word_1_139' title='bbox 463 2602 512 2664; x_wconf 85' lang='lat'>19.</span> <span class='ocrx_word' id='word_1_140' title='bbox 543 2600 707 2679; x_wconf 81' lang='grc' dir='ltr'><em>πεφυκέναι</em></span> <span class='ocrx_word' id='word_1_141' title='bbox 730 2600 788 2681; x_wconf 71' lang='grc' dir='ltr'>γάρ</span> <span class='ocrx_word' id='word_1_142' title='bbox 811 2601 898 2674; x_wconf 77' lang='grc' dir='ltr'><em>δοκεῖ,</em></span> <span class='ocrx_word' id='word_1_143' title='bbox 922 2599 992 2681; x_wconf 78' lang='grc' dir='ltr'><em>ἔφη,</em></span> <span class='ocrx_word' id='word_1_144' title='bbox 1017 2599 1109 2682; x_wconf 88' lang='grc' dir='ltr'><em>ώσπερ</em></span> <span class='ocrx_word' id='word_1_145' title='bbox 1132 2601 1184 2666; x_wconf 81' lang='grc' dir='ltr'>καί</span> <span class='ocrx_word' id='word_1_146' title='bbox 1208 2602 1313 2669; x_wconf 78' lang='grc' dir='ltr'><em>τέκνων</em></span> <span class='ocrx_word' id='word_1_147' title='bbox 1335 2607 1400 2685; x_wconf 72' lang='grc' dir='ltr'><em>ρ’ρῖον</em></span> <span class='ocrx_word' id='word_1_148' title='bbox 1423 2605 1455 2669; x_wconf 81' lang='grc' dir='ltr'>τὸ</span> 
     </span>
     <span class='ocr_line' id='line_1_19' title="bbox 331 2714 1454 2796; baseline 0.004 -19"><span class='ocrx_word' id='word_1_149' title='bbox 331 2714 534 2790; x_wconf 75' lang='grc' dir='ltr'><em>ἐπιμελεῖσθαι</em></span> <span class='ocrx_word' id='word_1_150' title='bbox 568 2723 604 2796; x_wconf 66' lang='grc' dir='ltr'>τῇ</span> <span class='ocrx_word' id='word_1_151' title='bbox 639 2716 762 2796; x_wconf 80' lang='grc' dir='ltr'><em>σώφρονι</em></span> <span class='ocrx_word' id='word_1_152' title='bbox 792 2720 848 2779; x_wconf 81' lang='grc' dir='ltr'>τῶν</span> <span class='ocrx_word' id='word_1_153' title='bbox 879 2717 986 2790; x_wconf 78' lang='grc' dir='ltr'>ἑαυτῆς</span> <span class='ocrx_word' id='word_1_154' title='bbox 1015 2714 1032 2789; x_wconf 76' lang='grc' dir='ltr'>ἢ</span> <span class='ocrx_word' id='word_1_155' title='bbox 1063 2717 1198 2796; x_wconf 81' lang='grc' dir='ltr'><em>άμελεῖν,</em></span> <span class='ocrx_word' id='word_1_156' title='bbox 1230 2714 1301 2781; x_wconf 80' lang='grc' dir='ltr'>οὕτω</span> <span class='ocrx_word' id='word_1_157' title='bbox 1324 2716 1376 2782; x_wconf 83' lang='grc' dir='ltr'>καί</span> <span class='ocrx_word' id='word_1_158' title='bbox 1399 2723 1454 2781; x_wconf 84' lang='grc' dir='ltr'>τών</span> 
     </span>
     <span class='ocr_line' id='line_1_20' title="bbox 332 2824 1454 2910; baseline 0.003 -20"><span class='ocrx_word' id='word_1_159' title='bbox 332 2825 504 2904; x_wconf 76' lang='grc' dir='ltr'><em>κτημάτων,</em></span> <span class='ocrx_word' id='word_1_160' title='bbox 531 2825 586 2892; x_wconf 79' lang='grc' dir='ltr'>ώσα</span> <span class='ocrx_word' id='word_1_161' title='bbox 608 2824 669 2893; x_wconf 77' lang='grc' dir='ltr'><em>ίδια</em></span> <span class='ocrx_word' id='word_1_162' title='bbox 692 2827 762 2893; x_wconf 73' lang='grc' dir='ltr'>ὄντα</span> <span class='ocrx_word' id='word_1_163' title='bbox 785 2829 930 2909; x_wconf 70' lang='grc' dir='ltr'><em>εὐφραίνει</em></span> <span class='ocrx_word' id='word_1_164' title='bbox 952 2825 1028 2901; x_wconf 72' lang='grc' dir='ltr'><em>ἥδιον</em></span> <span class='ocrx_word' id='word_1_165' title='bbox 1050 2829 1083 2893; x_wconf 76' lang='grc' dir='ltr'>τὸ</span> <span class='ocrx_word' id='word_1_166' title='bbox 1106 2830 1307 2906; x_wconf 78' lang='grc' dir='ltr'><em>ἐπιμελεῖσθαι</em></span> <span class='ocrx_word' id='word_1_167' title='bbox 1331 2829 1454 2910; x_wconf 58' lang='grc' dir='ltr'><em>νομιζειν</em></span> 
     </span>
     <span class='ocr_line' id='line_1_21' title="bbox 333 2935 1455 3023; baseline 0.005 -21"><span class='ocrx_word' id='word_1_168' title='bbox 333 2937 391 3020; x_wconf 83' lang='grc' dir='ltr'>ἔφν</span> <span class='ocrx_word' id='word_1_169' title='bbox 428 2935 497 3005; x_wconf 77' lang='grc' dir='ltr'><em>εἶναι</em></span> <span class='ocrx_word' id='word_1_170' title='bbox 530 2950 566 3022; x_wconf 69' lang='grc' dir='ltr'>τῇ</span> <span class='ocrx_word' id='word_1_171' title='bbox 601 2944 724 3023; x_wconf 90' lang='grc' dir='ltr'><em>σώφρονι</em></span> <span class='ocrx_word' id='word_1_172' title='bbox 750 2947 807 3006; x_wconf 86' lang='grc' dir='ltr'>τών</span> <span class='ocrx_word' id='word_1_173' title='bbox 837 2943 945 3016; x_wconf 78' lang='grc' dir='ltr'>ἑαυτῆς</span> <span class='ocrx_word' id='word_1_174' title='bbox 974 2941 990 3016; x_wconf 78' lang='grc' dir='ltr'>ἢ</span> <span class='ocrx_word' id='word_1_175' title='bbox 1023 2942 1156 3019; x_wconf 84' lang='grc' dir='ltr'><em>άμελεῖν.</em></span> <span class='ocrx_word' id='word_1_176' title='bbox 1190 2942 1337 3008; x_wconf 82' lang='lat' dir='ltr'>Graviter</span> <span class='ocrx_word' id='word_1_177' title='bbox 1358 2946 1455 3009; x_wconf 88' lang='lat' dir='ltr'>inter-</span> 
     </span>
     <span class='ocr_line' id='line_1_22' title="bbox 333 3055 1453 3141; baseline 0.003 -23"><span class='ocrx_word' id='word_1_178' title='bbox 333 3055 474 3138; x_wconf 85' lang='lat' dir='ltr'>polatum</span> <span class='ocrx_word' id='word_1_179' title='bbox 506 3057 592 3120; x_wconf 91' lang='lat' dir='ltr'>hunc</span> <span class='ocrx_word' id='word_1_180' title='bbox 614 3057 719 3121; x_wconf 89' lang='lat' dir='ltr'>locum</span> <span class='ocrx_word' id='word_1_181' title='bbox 744 3077 822 3138; x_wconf 84' lang='lat' dir='ltr'>esse,</span> <span class='ocrx_word' id='word_1_182' title='bbox 847 3059 944 3122; x_wconf 89' lang='lat' dir='ltr'>etita</span> <span class='ocrx_word' id='word_1_183' title='bbox 966 3063 1004 3120; x_wconf 92' lang='lat' dir='ltr'>ut</span> <span class='ocrx_word' id='word_1_184' title='bbox 1026 3056 1292 3122; x_wconf 88' lang='lat' dir='ltr'>obscurissimum</span> <span class='ocrx_word' id='word_1_185' title='bbox 1316 3059 1366 3140; x_wconf 88' lang='lat' dir='ltr'>sit,</span> <span class='ocrx_word' id='word_1_186' title='bbox 1390 3077 1453 3141; x_wconf 94' lang='lat' dir='ltr'>quo</span> 
     </span>
     <span class='ocr_line' id='line_1_23' title="bbox 335 3168 1454 3254; baseline 0.003 -24"><span class='ocrx_word' id='word_1_187' title='bbox 335 3169 427 3232; x_wconf 91' lang='lat' dir='ltr'>modo</span> <span class='ocrx_word' id='word_1_188' title='bbox 450 3169 549 3233; x_wconf 83' lang='lat' dir='ltr'>verba</span> <span class='ocrx_word' id='word_1_189' title='bbox 572 3170 769 3251; x_wconf 78' lang='lat' dir='ltr'>cohaereant,</span> <span class='ocrx_word' id='word_1_190' title='bbox 791 3189 885 3234; x_wconf 91' lang='lat' dir='ltr'>nemo</span> <span class='ocrx_word' id='word_1_191' title='bbox 905 3190 970 3234; x_wconf 91' lang='lat' dir='ltr'>non</span> <span class='ocrx_word' id='word_1_192' title='bbox 990 3171 1094 3234; x_wconf 90' lang='lat' dir='ltr'>sentit.</span> <span class='ocrx_word' id='word_1_193' title='bbox 1114 3168 1362 3254; x_wconf 90' lang='lat' dir='ltr'>Xenophontem</span> <span class='ocrx_word' id='word_1_194' title='bbox 1373 3171 1454 3233; x_wconf 91' lang='lat' dir='ltr'>nihil</span> 
     </span>
     <span class='ocr_line' id='line_1_24' title="bbox 335 3279 1455 3365; baseline -0.001 -20"><span class='ocrx_word' id='word_1_195' title='bbox 335 3283 500 3365; x_wconf 78' lang='lat' dir='ltr'>scripsisse</span> <span class='ocrx_word' id='word_1_196' title='bbox 522 3283 637 3365; x_wconf 90' lang='lat' dir='ltr'>opinor</span> <span class='ocrx_word' id='word_1_197' title='bbox 659 3288 783 3364; x_wconf 86' lang='lat' dir='ltr'>praeter</span> <span class='ocrx_word' id='word_1_198' title='bbox 805 3284 898 3348; x_wconf 86' lang='lat' dir='ltr'>haec:</span> <span class='ocrx_word' id='word_1_199' title='bbox 920 3280 1085 3361; x_wconf 75' lang='grc' dir='ltr'><em>πεφυκέναι</em></span> <span class='ocrx_word' id='word_1_200' title='bbox 1103 3279 1161 3360; x_wconf 76' lang='grc' dir='ltr'>γάρ</span> <span class='ocrx_word' id='word_1_201' title='bbox 1181 3279 1265 3354; x_wconf 75' lang='grc' dir='ltr'><em>δοκεῖ,</em></span> <span class='ocrx_word' id='word_1_202' title='bbox 1278 3279 1348 3360; x_wconf 69' lang='grc' dir='ltr'><em>ἔφη,</em></span> <span class='ocrx_word' id='word_1_203' title='bbox 1362 3279 1455 3357; x_wconf 87' lang='grc' dir='ltr'><em>ώσπερ</em></span> 
     </span>
     <span class='ocr_line' id='line_1_25' title="bbox 334 3389 1454 3473; baseline 0 -17"><span class='ocrx_word' id='word_1_204' title='bbox 334 3392 439 3456; x_wconf 81' lang='grc' dir='ltr'><em>τέκνων</em></span> <span class='ocrx_word' id='word_1_205' title='bbox 457 3396 513 3456; x_wconf 85' lang='grc' dir='ltr'>τών</span> <span class='ocrx_word' id='word_1_206' title='bbox 533 3393 649 3466; x_wconf 77' lang='grc' dir='ltr'>ἑαυτῆς,</span> <span class='ocrx_word' id='word_1_207' title='bbox 671 3390 742 3457; x_wconf 76' lang='grc' dir='ltr'>οὕτω</span> <span class='ocrx_word' id='word_1_208' title='bbox 762 3391 814 3457; x_wconf 82' lang='grc' dir='ltr'>καί</span> <span class='ocrx_word' id='word_1_209' title='bbox 830 3398 886 3457; x_wconf 81' lang='grc' dir='ltr'>τῶν</span> <span class='ocrx_word' id='word_1_210' title='bbox 897 3392 1069 3471; x_wconf 77' lang='grc' dir='ltr'>κτημάτων,</span> <span class='ocrx_word' id='word_1_211' title='bbox 1081 3389 1136 3458; x_wconf 81' lang='grc' dir='ltr'>ώσα</span> <span class='ocrx_word' id='word_1_212' title='bbox 1147 3389 1207 3457; x_wconf 80' lang='grc' dir='ltr'><em>ίδια</em></span> <span class='ocrx_word' id='word_1_213' title='bbox 1218 3390 1287 3456; x_wconf 81' lang='grc' dir='ltr'>ὄντα</span> <span class='ocrx_word' id='word_1_214' title='bbox 1300 3393 1454 3473; x_wconf 85' lang='grc' dir='ltr'><em>εὐφραίνει,</em></span> 
     </span>
     <span class='ocr_line' id='line_1_26' title="bbox 334 3503 1455 3590; baseline 0.003 -21"><span class='ocrx_word' id='word_1_215' title='bbox 334 3503 409 3578; x_wconf 68' lang='lat' dir='ltr'>litia</span> <span class='ocrx_word' id='word_1_216' title='bbox 444 3506 476 3568; x_wconf 84' lang='grc' dir='ltr'>τὸ</span> <span class='ocrx_word' id='word_1_217' title='bbox 506 3507 709 3583; x_wconf 79' lang='grc' dir='ltr'><em>ἐπιμελεῖσθαι</em></span> <span class='ocrx_word' id='word_1_218' title='bbox 739 3515 776 3588; x_wconf 72' lang='grc' dir='ltr'>τῇ</span> <span class='ocrx_word' id='word_1_219' title='bbox 799 3507 922 3586; x_wconf 79' lang='grc' dir='ltr'><em>σώφρονι</em></span> <span class='ocrx_word' id='word_1_220' title='bbox 943 3504 960 3579; x_wconf 81' lang='grc' dir='ltr'>ἢ</span> <span class='ocrx_word' id='word_1_221' title='bbox 985 3507 1017 3571; x_wconf 76' lang='grc' dir='ltr'>τὸ</span> <span class='ocrx_word' id='word_1_222' title='bbox 1041 3506 1176 3584; x_wconf 84' lang='grc' dir='ltr'><em>ἀμελεῖν,</em></span> <span class='ocrx_word' id='word_1_223' title='bbox 1201 3508 1326 3590; x_wconf 84' lang='lat' dir='ltr'>relique</span> <span class='ocrx_word' id='word_1_224' title='bbox 1348 3509 1455 3572; x_wconf 83' lang='lat' dir='ltr'>omnia</span> 
     </span>
     <span class='ocr_line' id='line_1_27' title="bbox 334 3620 692 3702; baseline 0.008 -20"><span class='ocrx_word' id='word_1_225' title='bbox 334 3620 552 3702; x_wconf 86' lang='lat' dir='ltr'>interpolatori</span> <span class='ocrx_word' id='word_1_226' title='bbox 576 3621 692 3685; x_wconf 89' lang='lat' dir='ltr'>deberi.</span> 
     </span>
    </p>

    <p class='ocr_par' dir='ltr' id='par_1_5' title="bbox 336 3732 1458 4384">
     <span class='ocr_line' id='line_1_28' title="bbox 380 3732 1456 3818; baseline 0.002 -22"><span class='ocrx_word' id='word_1_227' title='bbox 380 3732 482 3817; x_wconf 83' lang='lat' dir='ltr'>Caput</span> <span class='ocrx_word' id='word_1_228' title='bbox 516 3733 558 3815; x_wconf 88' lang='lat' dir='ltr'>X,</span> <span class='ocrx_word' id='word_1_229' title='bbox 593 3736 621 3798; x_wconf 91' lang='lat'>3.</span> <span class='ocrx_word' id='word_1_230' title='bbox 660 3735 802 3815; x_wconf 86' lang='lat' dir='ltr'>„Utrum</span> <span class='ocrx_word' id='word_1_231' title='bbox 838 3733 910 3799; x_wconf 88' lang='lat' dir='ltr'>me&#39;&#39;</span> <span class='ocrx_word' id='word_1_232' title='bbox 944 3734 1171 3800; x_wconf 87' lang='lat' dir='ltr'>Ischomachus</span> <span class='ocrx_word' id='word_1_233' title='bbox 1201 3754 1335 3799; x_wconf 87' lang='lat' dir='ltr'>uxorem</span> <span class='ocrx_word' id='word_1_234' title='bbox 1366 3740 1456 3818; x_wconf 84' lang='lat' dir='ltr'>rogat</span> 
     </span>
     <span class='ocr_line' id='line_1_29' title="bbox 338 3847 1455 3930; baseline 0.002 -20"><span class='ocrx_word' id='word_1_235' title='bbox 338 3849 466 3930; x_wconf 82' lang='lat' dir='ltr'>„magis</span> <span class='ocrx_word' id='word_1_236' title='bbox 495 3847 651 3930; x_wconf 86' lang='lat' dir='ltr'>laudares,</span> <span class='ocrx_word' id='word_1_237' title='bbox 679 3851 706 3913; x_wconf 88' lang='lat' dir='ltr'>si</span> <span class='ocrx_word' id='word_1_238' title='bbox 729 3848 787 3913; x_wconf 91' lang='lat' dir='ltr'>tibi</span> <span class='ocrx_word' id='word_1_239' title='bbox 810 3848 966 3912; x_wconf 90' lang='lat' dir='ltr'>bonorum</span> <span class='ocrx_word' id='word_1_240' title='bbox 990 3866 1132 3912; x_wconf 90' lang='lat' dir='ltr'>meorum</span> <span class='ocrx_word' id='word_1_241' title='bbox 1157 3852 1275 3912; x_wconf 87' lang='lat' dir='ltr'>statum</span> <span class='ocrx_word' id='word_1_242' title='bbox 1298 3850 1343 3911; x_wconf 87' lang='lat' dir='ltr'>ita</span> <span class='ocrx_word' id='word_1_243' title='bbox 1366 3868 1455 3912; x_wconf 92' lang='lat' dir='ltr'>mou·</span> 
     </span>
     <span class='ocr_line' id='line_1_30' title="bbox 336 3960 1455 4045; baseline 0.001 -21"><span class='ocrx_word' id='word_1_244' title='bbox 336 3964 477 4042; x_wconf 88' lang='lat' dir='ltr'>strarem,</span> <span class='ocrx_word' id='word_1_245' title='bbox 512 3965 549 4025; x_wconf 92' lang='lat' dir='ltr'>ut</span> <span class='ocrx_word' id='word_1_246' title='bbox 579 3980 684 4044; x_wconf 90' lang='lat' dir='ltr'>neque</span> <span class='ocrx_word' id='word_1_247' title='bbox 715 3966 746 4025; x_wconf 90' lang='lat' dir='ltr'>te</span> <span class='ocrx_word' id='word_1_248' title='bbox 776 3961 910 4025; x_wconf 88' lang='lat' dir='ltr'>celarem</span> <span class='ocrx_word' id='word_1_249' title='bbox 942 3960 1119 4045; x_wconf 89' lang='lat' dir='ltr'>quidquam</span> <span class='ocrx_word' id='word_1_250' title='bbox 1143 3979 1248 4044; x_wconf 89' lang='lat' dir='ltr'>neque</span> <span class='ocrx_word' id='word_1_251' title='bbox 1271 3961 1455 4026; x_wconf 89' lang='lat' dir='ltr'>mentiendo</span> 
     </span>
     <span class='ocr_line' id='line_1_31' title="bbox 337 4068 1457 4156; baseline 0 -20"><span class='ocrx_word' id='word_1_252' title='bbox 337 4073 514 4156; x_wconf 81' lang='lat' dir='ltr'>quidquam</span> <span class='ocrx_word' id='word_1_253' title='bbox 538 4074 696 4155; x_wconf 84' lang='lat' dir='ltr'>adderem,</span> <span class='ocrx_word' id='word_1_254' title='bbox 708 4070 725 4147; x_wconf 79' lang='grc' dir='ltr'>ἢ</span> <span class='ocrx_word' id='word_1_255' title='bbox 738 4072 761 4135; x_wconf 89' lang='grc' dir='ltr'><em>εί</em></span> <span class='ocrx_word' id='word_1_256' title='bbox 774 4072 934 4152; x_wconf 74' lang='grc' dir='ltr'><em>ἐπειρώμην</em></span> <span class='ocrx_word' id='word_1_257' title='bbox 946 4096 980 4136; x_wconf 87' lang='grc' dir='ltr'><em>σε</em></span> <span class='ocrx_word' id='word_1_258' title='bbox 990 4068 1156 4146; x_wconf 73' lang='grc' dir='ltr'><em>ἐξαπατᾶν,</em></span> <span class='ocrx_word' id='word_1_259' title='bbox 1169 4069 1263 4150; x_wconf 70' lang='grc' dir='ltr'><em>λέγων</em></span> <span class='ocrx_word' id='word_1_260' title='bbox 1275 4096 1308 4136; x_wconf 88' lang='grc' dir='ltr'>τε</span> <span class='ocrx_word' id='word_1_261' title='bbox 1320 4074 1357 4144; x_wconf 78' lang='grc' dir='ltr'>ὥς</span> <span class='ocrx_word' id='word_1_262' title='bbox 1367 4072 1457 4136; x_wconf 85' lang='grc' dir='ltr'><em>πλείω</em></span> 
     </span>
     <span class='ocr_line' id='line_1_32' title="bbox 336 4183 1455 4266; baseline 0.002 -19"><span class='ocrx_word' id='word_1_263' title='bbox 336 4183 397 4248; x_wconf 82' lang='grc' dir='ltr'>ἔστι</span> <span class='ocrx_word' id='word_1_264' title='bbox 417 4209 465 4262; x_wconf 91' lang='grc' dir='ltr'>μοι</span> <span class='ocrx_word' id='word_1_265' title='bbox 485 4191 541 4249; x_wconf 85' lang='grc' dir='ltr'>τών</span> <span class='ocrx_word' id='word_1_266' title='bbox 561 4184 656 4259; x_wconf 79' lang='grc' dir='ltr'><em>ὄντων,</em></span> <span class='ocrx_word' id='word_1_267' title='bbox 677 4184 835 4256; x_wconf 79' lang='grc' dir='ltr'><em>ἐπιδεικνύς</em></span> <span class='ocrx_word' id='word_1_268' title='bbox 855 4209 888 4249; x_wconf 85' lang='grc' dir='ltr'>τε</span> <span class='ocrx_word' id='word_1_269' title='bbox 904 4185 1036 4266; x_wconf 67' lang='grc' dir='ltr'><em>ἀργύριον</em></span> <span class='ocrx_word' id='word_1_270' title='bbox 1055 4185 1195 4261; x_wconf 78' lang='grc' dir='ltr'><em>κίβδηλον</em></span> <span class='ocrx_word' id='word_1_271' title='bbox 1207 4183 1259 4249; x_wconf 79' lang='grc' dir='ltr'>καί</span> <span class='ocrx_word' id='word_1_272' title='bbox 1272 4183 1455 4265; x_wconf 76' lang='grc' dir='ltr'><em>ὁρμοὺςὺπο-</em></span> 
     </span>
     <span class='ocr_line' id='line_1_33' title="bbox 336 4292 1458 4384; baseline 0.002 -23"><span class='ocrx_word' id='word_1_273' title='bbox 336 4295 439 4372; x_wconf 62' lang='lat' dir='ltr'>tlara</span> <span class='ocrx_word' id='word_1_274' title='bbox 462 4297 514 4363; x_wconf 81' lang='grc' dir='ltr'>καί</span> <span class='ocrx_word' id='word_1_275' title='bbox 537 4298 716 4381; x_wconf 80' lang='grc' dir='ltr'><em>πορφυρίδας</em></span> <span class='ocrx_word' id='word_1_276' title='bbox 740 4296 888 4373; x_wconf 78' lang='grc' dir='ltr'><em>ε’ξιτνίλονς</em></span> <span class='ocrx_word' id='word_1_277' title='bbox 911 4298 1005 4381; x_wconf 75' lang='grc' dir='ltr'><em>φαίην</em></span> <span class='ocrx_word' id='word_1_278' title='bbox 1029 4297 1169 4372; x_wconf 76' lang='grc' dir='ltr'>άλνίινάς</span> <span class='ocrx_word' id='word_1_279' title='bbox 1188 4292 1276 4374; x_wconf 83' lang='grc' dir='ltr'><em>είναι;</em></span> <span class='ocrx_word' id='word_1_280' title='bbox 1292 4299 1367 4383; x_wconf 83' lang='lat' dir='ltr'>Ipse</span> <span class='ocrx_word' id='word_1_281' title='bbox 1385 4321 1458 4384; x_wconf 84' lang='lat' dir='ltr'>par-</span> 
     </span>
    </p>
   </div>
   <div class='ocr_carea' id='block_1_3' title="bbox 0 0 1690 5262">
    <p class='ocr_par' dir='ltr' id='par_1_6' title="bbox 0 0 1690 5262">
     <span class='ocr_line' id='line_1_34' title="bbox 0 0 1690 5262; baseline 0 0"><span class='ocrx_word' id='word_1_282' title='bbox 0 0 1690 5262; x_wconf 95' lang='lat' dir='ltr'> </span> 
     </span>
    </p>
   </div>
  </div>
 </body>
</html>
