3330 5262
752 638 813 700 387

214 819 360 884 fecerunt
390 822 422 883 in
455 822 539 884 mala
561 822 602 897 iis
626 825 807 902 verterunt3
833 823 979 906 exemplo
1004 824 1045 886 sit
1066 823 1233 887 Thebanae
1255 826 1337 888 arcis

216 934 397 1016 occupatio:
440 936 490 996 νῦν
524 937 595 1010 γοῦν
629 934 666 1004 ὥς
701 930 906 997 ἐσπουδάσατε
939 933 1116 1012 αὐτονόμους
1149 934 1206 1008 τάς
1239 935 1338 1008 πόλεις

215 1045 376 1123 γίγνεσθαι,
407 1048 503 1108 πάσαι
534 1044 634 1119 πάλιν,
659 1046 720 1110 ε’πεί
744 1046 920 1121 ἦδικνίίνσαν
945 1048 969 1113 oi
991 1048 1129 1126 Θηβαῖοι,
1154 1050 1201 1112 ἐπ’
1225 1049 1337 1122 ἐκείνοις

214 1157 420 1236 γεγένννται.”
454 1159 573 1224 Nullus
609 1162 685 1224 satis
717 1166 811 1245 aptus
841 1180 956 1226 sensus
987 1181 1029 1226 ex
1061 1163 1110 1226 his
1135 1163 1240 1227 verbis
1264 1163 1337 1226 elici

214 1277 324 1355 potest.
358 1271 544 1356 Legendum
579 1277 643 1337 est:
680 1275 727 1334 νῦν
761 1277 831 1351 γοῦν
862 1271 899 1346 bio
930 1271 1135 1338 ἐσπουδάσατε
1159 1273 1336 1353 αὐτονόμους

215 1382 313 1457 πόλεις
335 1383 486 1462 γίγνεσθαι
509 1385 568 1448 ari.
597 1385 677 1450 Cum
701 1386 760 1450 hac
780 1389 956 1452 sententiae
975 1393 1136 1452 structura
1156 1389 1337 1454 conferatur

216 1505 311 1583 caput
333 1500 373 1583 V,
397 1501 455 1564 37:
481 1501 512 1564 οὐ
535 1499 617 1580 παρά
638 1499 705 1572 τοὺς
729 1497 824 1580 ὅρκους
843 1499 993 1577 ποιάσετες
1015 1499 1186 1565 καὶταῦτα
1207 1497 1336 1566 ὧναάτοί

216 1613 417 1689 ε’πεμελάίντε
439 1611 525 1694 ὅρκιον
548 1611 624 1686 ὅπως
647 1616 737 1677 πάσιν
759 1616 830 1692 ὑμῖν
853 1612 963 1687 πάντες
987 1615 1074 1692 ἡμεῖς
1097 1613 1267 1693 ὀμόσαιμεν.

257 1727 316 1810 ΠΙ,
350 1729 399 1792 12.
429 1727 481 1790 Ex
504 1728 614 1792 eadem
638 1730 797 1792 oratione:
821 1726 843 1791 ά
866 1727 897 1792 δὲ
921 1726 1092 1806 βουλόμενοί
1113 1751 1188 1801 τινες
1213 1728 1335 1809 άποτρέ-

216 1863 278 1905 πειν
300 1841 354 1914 aaa
377 1839 484 1922 είράνιρν
508 1838 730 1917 διαβάλλουσιν,
754 1841 792 1912 ὡς
815 1841 900 1917 ἡμεῖς
924 1842 955 1904 οὐ
979 1840 1083 1922 φιλίας
1102 1840 1238 1919 δείμενοι,
1251 1841 1335 1906 άλλά

216 1954 394 2036 φοβούμενοι
418 1953 460 2032 μίρ
486 1953 693 2026 Ἀνταλκίδας
716 1951 782 2035 ἔλίρ
806 1951 884 2032 ἔχων
907 1954 989 2034 παρά
1010 1953 1157 2032 βασιλέως
1176 1955 1334 2036 χρήματα,
1388 2012 1393 2023 .

215 2066 264 2131 διά
298 2072 382 2132 τοῦτο
417 2065 533 2144 ἥκομεν.
567 2067 642 2132 Non
675 2088 733 2152 per
761 2068 888 2152 longam
919 2069 1005 2132 illam
1037 2090 1194 2134 annorum
1220 2072 1335 2134 seriem

214 2183 402 2247 Antalcidas
429 2183 515 2267 apud
545 2182 666 2266 Regem
689 2184 851 2265 remansit,
873 2202 978 2266 neque
1001 2203 1074 2248 eum
1098 2203 1187 2248 nune
1211 2185 1250 2248 ad
1273 2184 1336 2250 Ro-

214 2316 285 2380 gem
317 2298 450 2361 rediisse
482 2296 643 2380 probabile
673 2301 729 2360 est.
751 2295 936 2380 Legendum
959 2299 1105 2381 suspicor
1127 2299 1170 2374 μή
1194 2321 1239 2370 τις
1263 2297 1333 2362 Ἀν-

214 2409 374 2483 ταλκίδας,
401 2410 487 2495 quod
508 2410 612 2495 lepide
636 2411 756 2474 dictum
780 2409 914 2475 videtur.

258 2523 317 2605 HI,
354 2525 402 2587 13.
438 2523 469 2586 τί
498 2522 557 2600 μίρν
587 2519 711 2601 ίίκομενς
738 2521 780 2587 ίτι
805 2521 859 2601 μὲν
883 2517 929 2587 οὖν
952 2525 1002 2588 οὐκ
1024 2524 1196 2604 άποροῦντες
1220 2524 1334 2603 γνοίνρτε

213 2632 259 2706 άν,
290 2636 314 2699 εί
343 2635 398 2713 μὲν
421 2634 561 2712 βούλεσθε
583 2637 651 2717 πρὸς
674 2635 714 2700 τά
738 2635 819 2701 κατά
843 2635 1135 2710 ίάλαττανίδίντες,
1159 2638 1182 2702 εί
1205 2637 1237 2702 δὲ
1260 2636 1331 2715 βοί-

212 2750 296 2813 λεσίε
318 2750 386 2830 πρὸς
408 2749 449 2813 τά
471 2749 554 2814 κατά
576 2756 632 2828 γῆν
655 2751 684 2814 ἕν
708 2751 747 2830 τῷ
771 2750 899 2826 παρόντι.
923 2751 1084 2816 Particula
1107 2744 1163 2822 οὖν,
1185 2755 1238 2817 oui
1259 2753 1332 2817 nul·

211 2863 262 2928 lus
293 2864 345 2927 hic
375 2865 466 2929 locus
490 2869 547 2947 est,
571 2865 606 2926 in
629 2863 820 2949 quibusdam
845 2864 1009 2930 codicibus
1033 2865 1129 2930 abest.
1153 2865 1277 2930 Deinde
1301 2870 1333 2931 et

214 2976 308 3042 rerba
330 2977 359 3040 ἕν
382 2978 423 3057 τῷ
446 2978 564 3058 παρόντι
585 2979 762 3063 displicent,
783 2980 859 3062 quia
878 2979 1061 3063 languidam
1082 2980 1221 3043 reddunt
1233 2984 1331 3043 totam

211 3093 409 3154 sententiam.
435 3090 603 3175 Suspicor:
629 3092 697 3171 πρὸς
720 3092 760 3154 τά
783 3089 864 3154 κατά
886 3097 941 3169 γῆν
964 3089 1102 3172 παρόντα.

255 3202 301 3267 Ib.
325 3201 355 3267 τί
376 3203 435 3280 μάν
458 3204 554 3279 ἐστιν;
579 3202 697 3276 εὔδηλον
720 3202 762 3268 ίτι
785 3207 841 3268 τῶν
863 3202 1037 3283 συμμάχων
1056 3204 1130 3278 τινὲς
1150 3206 1202 3270 οὐκ
1220 3205 1331 3286 άρεστά

210 3313 384 3396 πράττουσιν
415 3316 488 3393 ἡμῖν
518 3313 535 3389 ἢ
568 3316 636 3394 ὑμῖν
666 3315 784 3398 άρεστά.
818 3318 970 3383 Absurde
992 3319 1070 3384 haec
1093 3324 1177 3384 sunt.
1201 3321 1330 3385 Excidit

211 3429 400 3494 vocabulum
436 3431 562 3506 μάλλον,
595 3451 659 3514 quo
689 3431 772 3495 facto
803 3429 914 3511 άρεοτά
944 3433 1052 3516 inepte
1080 3435 1250 3518 repetitum
1274 3440 1330 3500 est.

210 3543 286 3609 Tota
316 3565 391 3630 ergo
422 3547 580 3610 sententia
611 3548 656 3611 sic
689 3548 748 3611 erit
779 3546 981 3632 refingenda:
1006 3547 1058 3611 οὐκ
1080 3547 1190 3628 άρεοτά
1213 3552 1330 3626 μάλλον

209 3656 383 3740 πράττουσιν
407 3659 480 3736 ἡμῖν
502 3657 518 3732 ἢ
544 3659 623 3737 ὑμῖν.

254 3772 300 3836 lb.
330 3769 396 3843 ίσοις
422 3770 529 3836 δὲκαὶ
553 3772 717 3850 βουλοίμεθ’
741 3772 787 3848 άν,
812 3769 848 3838 ὧν
872 3771 956 3838 ἕνεκα
979 3774 1171 3854 περιεσώσατε
1193 3775 1283 3853 ν’ρμοῖς,
1307 3772 1328 3840 ά

211 3885 293 3965 ίρίῶς
324 3882 453 3962 ἔγνωμεν
486 3885 556 3963 ὑμῖν
586 3885 734 3961 ἐπιδείξαι.
769 3887 899 3952 Oraculi
929 3890 1030 3954 instar
1052 3890 1129 3954 haec
1153 3896 1237 3954 sunt.
1261 3890 1330 3956 Cal·

212 3999 335 4064 listrato
368 4020 464 4064 suum
494 4001 665 4066 reddemus
695 4002 845 4086 legendo:
875 3997 941 4074 ίους
964 3999 996 4065 δὲ
1019 4000 1070 4066 καί
1093 4002 1257 4080 βουλοίμεί’
1282 4002 1329 4078 alo,

211 4106 247 4174 ὧν
277 4111 362 4176 ἕνεκα
384 4113 578 4193 περιεσώσατε
600 4114 691 4192 ἦμάρ,
716 4117 754 4187 ὡς
777 4116 858 4196 optata
883 4112 991 4192 ἔγνοιτε
1015 4114 1085 4192 ὑμῖν
1108 4113 1254 4190 ἐπιδείξαι.
1280 4117 1329 4182 De

210 4229 312 4292 salute
336 4229 587 4294 Atheniensibus
611 4251 630 4294 a
652 4230 816 4315 Spartanis
839 4230 933 4294 allata
955 4231 1028 4294 vide
1050 4250 1075 4294 c.
1100 4230 1139 4313 V,
1166 4233 1206 4295 35
1226 4236 1257 4296 et
1277 4235 1328 4296 38.

208 4339 294 4404 Dicit
313 4360 388 4426 ergo
409 4341 625 4409 Callistratus:
649 4345 810 4427 „salutem
836 4346 913 4408 olim
936 4344 1028 4414 nobis
1052 4346 1211 4431 attulistis
1235 4346 1327 4430 Spar-
