3330 5262
602 701 605 706 ,
714 627 778 688 315

177 808 291 879 άπτεος,
315 805 411 882 ἔδοξεν
434 809 536 878 αὐτοῖς
559 809 719 872 Ἐλευσῖνος
742 815 894 872 κατοικεῖν.
920 810 957 893 Ii,
982 813 1040 895 qui
1067 813 1210 876 nondum
1232 815 1309 878 satis

176 927 264 988 tutos
299 940 334 986 se
368 921 505 985 Athenis
541 939 612 985 esse
646 920 894 1004 arbitrabantur,
926 943 1106 1008 parumque
1139 944 1215 1010 ergo
1238 927 1310 1010 paci

176 1034 327 1117 fidebant,
349 1034 436 1098 haud
459 1032 558 1097 dubie
581 1032 630 1096 illi
650 1039 748 1110 erant,
769 1037 825 1118 qui
844 1055 902 1118 per
920 1037 1195 1120 trigintavirornm
1209 1039 1310 1102 domi·

176 1148 340 1210 nationem
362 1146 514 1209 maximis
533 1147 807 1230 atrocissimisque
828 1166 862 1211 se
874 1147 1115 1213 obstrinxerant
1128 1150 1309 1230 maleficiis3

178 1260 451 1345 quomadmodum
477 1265 561 1323 reote
583 1259 681 1324 tradit
700 1258 862 1324 Diodorus
882 1260 1011 1326 Siculus
1025 1261 1127 1344 (XIV,
1140 1264 1203 1345 33),
1215 1266 1310 1330 ouius

177 1374 256 1437 hereo
285 1372 382 1436 verba
411 1377 504 1436 sunt:
536 1377 598 1442 τοῖς
622 1370 653 1434 δὲ
676 1369 914 1449 εὐλαβουμένοις,
938 1372 981 1450 μή
1006 1395 1035 1437 τι
1058 1372 1171 1437 πάθωσι
1197 1373 1247 1438 διά
1269 1374 1310 1439 τά

177 1483 322 1562 γενόμενος
344 1481 426 1546 κοιτά
449 1483 483 1547 τὸ
505 1482 630 1561 συνεχὲς
653 1482 749 1545 αὐτῶν
773 1483 951 1560 άδικιίμοιτοι
973 1484 1033 1547 ari.
1056 1485 1126 1550 Illis
1146 1491 1254 1551 autem
1273 1489 1309 1550 in

178 1597 398 1682 componenda
420 1615 506 1680 paee,
530 1615 613 1680 quae
636 1597 716 1679 ipsis
738 1601 804 1660 tam
826 1617 940 1680 parum
961 1598 1051 1662 utilis
1072 1599 1200 1680 eratus.
1214 1600 1310 1681 ἓ41),

178 1713 303 1795 aliquas
333 1709 520 1774 decernendi
549 1713 654 1792 partes
684 1727 853 1773 concessas
880 1709 991 1793 fuisse,
1015 1712 1147 1775 minime
1171 1716 1220 1775 est
1243 1731 1309 1776 ore-

179 1824 284 1888 dibile.
321 1822 524 1899 Quibusnam
560 1826 667 1886 autem
705 1821 890 1886 hominibus
924 1825 968 1888 ita
1003 1823 1076 1888 fieri.
1104 1825 1207 1888 οιέννν
1238 1826 1308 1888 est?

178 1937 359 2002 Pausaniae
381 1937 494 2020 opinor
512 1936 691 2019 legatisque
710 1934 883 2018 Spartanis.
902 1934 952 1999 Ne
965 1936 1081 2000 multa:
1096 1936 1189 2004 solito
1201 1955 1308 2002 errore

178 2051 279 2120 αὐτοῖς
314 2068 357 2114 ex
392 2045 501 2119 οὐτοάς
532 2053 646 2111 natum
676 2066 746 2112 esse
777 2053 864 2130 puto.
891 2046 936 2111 Of.
959 2048 1050 2112 loeus
1073 2067 1117 2112 ex
1140 2047 1309 2112 Oeoomioo

179 2162 246 2245 (IV,
280 2162 321 2245 6),
355 2161 413 2226 ubi
447 2180 505 2244 pro
540 2152 580 2231 οίς
614 2159 757 2224 άπλίσίοιι
791 2158 1004 2240 προςτέτοικτοιι
1034 2161 1207 2244 legendum
1239 2181 1310 2227 esse

180 2276 397 2341 demonstravi
420 2270 468 2345 οὓς
491 2275 521 2337 ά.
547 2295 579 2336 π.

649 2539 843 2548 ———--—.

611 2764 786 2829 LIBER
818 2765 877 2828 111.

226 2952 329 3036 Caput
359 2953 385 3034 Ι,
416 2954 445 3015 3.
476 2952 589 3017 Graeci
611 2955 645 3016 in
669 2955 749 3018 Asia
770 2953 951 3019 habitantes
976 2959 1063 3018 metu
1088 2953 1309 3036 Tissaphernis

181 3066 326 3151 Spartam
356 3066 452 3150 legati
475 3068 643 3148 miserunt,
665 3064 717 3128 κά)
741 3063 844 3140 ἠξίουν,
869 3064 933 3130 ἐπεὶ
958 3063 1058 3139 πάσης
1081 3072 1135 3138 τῆς
1160 3064 1309 3137 Ἑλλάδος

181 3176 345 3258 προστάται
378 3177 457 3250 είοίν,
489 3179 700 3255 ἐπιμεληθῆναι
731 3177 782 3242 καί
813 3182 898 3258 σφῶν
929 3181 985 3241 τῶν
1009 3179 1037 3242 ἕν
1060 3186 1097 3258 τῇ
1120 3177 1212 3260 Ἀσίᾳ
1236 3177 1309 3242 Ἐλ-

181 3290 283 3365 λιίνων,
317 3289 394 3363 ίποις
425 3288 443 3364 i
472 3314 505 3354 τε
535 3292 621 3371 χάριν
648 3290 691 3368 μὴ
724 3291 821 3371 δῃοῖτο
852 3292 950 3354 αὐτῶν
981 3289 1033 3354 κοιί
1065 3289 1151 3354 αὐτοὶ
1175 3289 1308 3371 ε’λειίίεροι

182 3399 243 3468 είεν.
275 3404 456 3470 Delendum
487 3425 601 3470 censeo
632 3407 738 3469 αὐτῶν.
771 3405 871 3488 Saepe
902 3408 988 3470 euim
1012 3406 1103 3470 scioli
1125 3405 1214 3469 illius
1237 3425 1310 3489 pro·

182 3520 323 3583 nominis
358 3538 453 3584 casus
488 3519 637 3603 obliquos
666 3519 838 3584 inserendo
862 3524 1041 3583 structurae
1065 3519 1147 3583 bene
1171 3518 1310 3582 Graecae

184 3633 250 3695 rim
274 3633 463 3697 intulerunt.
489 3631 533 3695 cf.
557 3632 649 3696 loeus
673 3650 715 3695 ex
740 3630 954 3696 Oeconomico
977 3630 1080 3711 (XVI,
1104 3631 1144 3711 3),
1168 3625 1224 3693 ubi
1247 3629 1309 3693 ele·

183 3747 372 3830 gantissime
405 3744 587 3829 Xenophon
619 3747 763 3828 scripsit:
797 3741 830 3815 ἢν
856 3741 887 3807 δὲ
909 3741 967 3822 ripa
994 3741 1030 3828 (ἡ
1054 3743 1114 3827 γῆ)
1142 3742 1179 3806 δι’
1204 3740 1310 3821 ἀρνίον

183 3863 239 3922 τῶν
264 3856 391 3936 ε’χίντων
415 3856 491 3930 ariri
517 3857 561 3934 μὴ
585 3855 643 3937 ἔχῃ
667 3857 721 3929 τὴν
745 3857 853 3928 ἑάντῆς
876 3854 1001 3932 δύνομιν
1023 3853 1223 3927 ἐπιδεικνύναι,
1248 3851 1310 3917 ἔστι

182 3968 234 4033 nai
257 3969 340 4050 ποινά
361 3967 488 4046 γείτονος
511 3967 601 4034 τόπον
623 3966 770 4040 πολλάκις
792 3966 975 4047 άλνάὲνπεροι
997 3963 1062 4046 περὶ
1086 3967 1179 4038 αὐτῆς
1202 3968 1309 4042 pudeat

182 4080 199 4155 ἢ
233 4082 317 4161 ποινά
349 4081 476 4159 γείτονος
510 4081 656 4161 άνάράπον
688 4079 836 4152 radiatae,
860 4099 957 4162 quem
980 4085 1089 4144 temen
1111 4078 1219 4142 loourn
1242 4078 1311 4140 lan-

182 4195 319 4280 guidum
341 4195 480 4258 reddidit
503 4197 560 4278 qui
582 4191 658 4266 νύτνί
682 4195 716 4257 in
740 4191 833 4264 οιύτιίν
858 4193 1007 4275 eorrupit.

228 4308 255 4390 I,
278 4309 307 4370 5.
334 4306 493 4372 Noouisse
516 4308 592 4370 huie
615 4308 810 4370 narrationis
831 4306 915 4390 parti
937 4305 1064 4369 videtur
1088 4303 1240 4388 temporis
1261 4304 1311 4366 in·
