3352 5260
750 543 812 604 111
921 625 922 628 q

222 729 382 792 maximae
404 733 481 792 sunt
500 747 692 810 summoque
711 727 831 793 artifice
851 729 975 812 dignae,
995 730 1050 793 sed
1071 728 1169 792 simul
1180 729 1349 812 eiusmodi,

222 846 260 906 ut
289 841 491 906 adversarius
522 842 619 924 paulo
642 843 833 924 pertinacior
856 841 920 906 illis
943 843 1141 925 argumentis
1166 843 1214 906 uti
1237 843 1348 926 possit,

222 953 342 1038 quibus
366 973 472 1018 meum
496 954 724 1037 plerorumque
746 954 882 1018 aliorum
903 954 942 1018 de
962 953 1177 1018 Oeconomico
1189 955 1348 1019 iudicium

221 1066 368 1132 callidius
391 1088 488 1151 quam
513 1069 622 1132 verius
645 1069 820 1151 impugnet.

265 1179 304 1242 A.
338 1179 450 1244 Altera
483 1184 531 1243 111
564 1179 650 1263 quod
685 1179 847 1244 Socratem
882 1182 926 1244 111
957 1185 1122 1264 tamquam
1152 1183 1186 1244 in
1218 1201 1346 1246 socnam

220 1293 353 1376 inducit,
375 1298 413 1358 ut
434 1294 534 1358 lector
556 1293 618 1358 sibi
641 1295 749 1378 ipsum
772 1292 998 1378 Xenophontis
1023 1296 1213 1378 magistrum
1238 1295 1348 1379 dispu‘

222 1411 343 1470 tantem
375 1407 487 1471 audire
517 1407 674 1488 videatur,
696 1411 730 1470 et
758 1411 828 1471 tum
853 1407 981 1471 demum
1006 1427 1119 1471 verum
1144 1406 1347 1472 Oeconomici

221 1539 413 1604 cognoscere
435 1521 535 1604 possit
558 1521 728 1585 consilium
750 1539 922 1603 veramque
941 1525 1099 1603 naturam,
1112 1541 1214 1604 quum
1235 1540 1345 1585 secum

221 1635 368 1697 accurate
390 1633 647 1715 consideraverit,
670 1652 736 1696 non
758 1632 877 1716 quibus
896 1632 1013 1715 verbis,
1034 1633 1218 1718 quibusque
1239 1653 1348 1698 111111-

218 1746 281 1830 plis
311 1745 343 1810 et
372 1747 570 1830 argumentis
593 1750 703 1809 utatur
724 1745 880 1827 Socrates,
905 1765 1018 1810 verum
1043 1745 1083 1810 de
1107 1746 1225 1830 quibus
1249 1747 1348 1812 rebus

221 1863 253 1923 et
287 1859 326 1922 de
361 1857 481 1942 quibus
515 1858 636 1922 artibus
668 1858 810 1922 disserat.
841 1856 946 1922 Semel
976 1858 1199 1922 tantummodo
1223 1858 1263 1922 ab
1287 1860 1348 1923 hoc

221 1972 384 2056 proposito
415 1971 573 2036 aberravit
603 1970 785 2055 Xenophon
817 1974 848 2035 et
877 1971 982 2035 levem
1006 1973 1167 2036 commisit
1190 1991 1346 2037 errorem:

220 2084 296 2167 Cyri
320 2087 406 2149 enim
430 2083 584 2148 demortui
604 2085 716 2148 laudes
739 2083 974 2167 praedicantem
997 2083 1072 2148 facit
1092 2083 1262 2149 Socratem.
1282 2085 1344 2150 Sed

216 2203 379 2283 praeterea
402 2216 526 2283 semper
549 2203 614 2261 tam
636 2197 773 2262 fideliter
794 2199 939 2282 magistri
958 2199 1010 2262 sui
1029 2203 1247 2282 repraesentat
1265 2201 1344 2264 ima-

215 2313 335 2396 ginem5
364 2315 452 2375 tanto
482 2309 616 2374 artificio
640 2312 906 2394 praestantissimi
931 2312 990 2374 viri
1015 2305 1079 2383 ἦθος
1103 2312 1255 2396 depingit,
1279 2318 1345 2376 tam

219 2423 390 2507 praeclaris
412 2442 455 2486 11
476 2423 644 2506 ipsiusque
663 2423 832 2506 disciplina
852 2423 1030 2507 desumptis
1052 2427 1217 2489 sententiis
1239 2425 1346 2490 obser·

221 2536 467 2620 rationibusque
498 2555 572 2601 eum
597 2541 740 2600 utentem
763 2535 864 2620 fingit,
891 2541 925 2600 ut
948 2537 989 2600 ad
1011 2538 1148 2622 optimos
1175 2541 1344 2622 scriptores

216 2651 335 2716 referre
356 2650 605 2734 Xenophontem
628 2669 694 2712 non
717 2649 852 2726 dubites,
875 2650 1047 2734 doleasque
1065 2651 1131 2715 fere
1152 2671 1227 2715 eum
1248 2653 1342 2736 quid-

218 2785 313 2849 quam
337 2769 462 2849 praeter
483 2762 648 2828 Anabasin
672 2761 987 2847 Oeconomicumque
1010 2765 1190 2848 scripsisse.

263 2875 325 2942 Sed
348 2879 439 2942 iuvat
461 2878 638 2960 insigniora
660 2876 817 2960 quaedam
835 2876 971 2941 huiusce
989 2879 1036 2941 rei
1056 2877 1166 2942 afferre
1178 2879 1342 2962 exempla:

265 2992 293 3054 1.
329 2989 417 3066 Quae
452 2991 554 3074 capite
585 2990 602 3051 1
634 2990 653 3071 5
683 2990 726 3052 42
757 2989 912 3074 leguntur
941 3009 978 3054 ea
1000 2992 1064 3054 iam
1090 3011 1187 3073 supra
1212 2991 1343 3055 landari
1381 3078 1384 3085 Ι

218 3107 254 3186 (0.
278 3102 311 3167 Π
332 3105 468 3168 huiusce
489 3102 583 3186 libri),
606 3102 713 3166 locum
736 3121 778 3167 11
802 3102 955 3167 Convivio
976 3102 1210 3188 Xenophonteo
1233 3103 1287 3186 (II,
1310 3106 1340 3188 9)

216 3217 317 3300 attuli,
340 3223 371 3283 11
393 3237 436 3283 11
458 3220 694 3302 comparatione
716 3237 791 3281 oum
813 3217 947 3282 Platone
966 3217 1131 3302 probabile
1152 3237 1222 3283 esse
1243 3220 1342 3303 signi·

216 3332 319 3414 ficari,
341 3333 449 3416 ipsum
471 3331 694 3415 Xenophontis
717 3331 925 3415 Platonisque
950 3333 1140 3416 magistrum
1162 3352 1256 3416 saepe
1275 3333 1342 3398 leni

218 3446 365 3510 irrisione
388 3445 615 3528 perstrinxisse
636 3445 708 3510 illos
732 3446 828 3526 viros,
852 3447 909 3528 qui
928 3447 1079 3510 mulieres
1098 3451 1177 3510 natu
1199 3433 1362 3528 maiores,=

216 3577 343 3642 easque,
374 3557 492 3642 quibus
523 3577 638 3641 parum
665 3562 781 3621 natura
802 3556 943 3641 favisset,
967 3577 1032 3621 non
1056 3577 1181 3643 semper
1204 3577 1249 3640 ea,
1275 3579 1340 3642 qua

215 3693 273 3758 par
302 3677 394 3754 11111,
425 3670 625 3734 observantia
655 3677 889 3753 revererentur,
911 3671 968 3736 sed
991 3672 1191 3756 despicerent
1218 3672 1341 3737 deride·

215 3794 350 3872 rentque
373 3786 545 3867 interdum,
568 3786 752 3868 amicosque
772 3805 848 3851 auos
867 3786 1032 3851 docuisse:
1056 3786 1339 3869 ,1101111111οωί-

214 3901 310 3966 nibus
340 3900 512 3984 pulchrum
544 3903 575 3962 et
604 3899 776 3963 honestum
809 3905 865 3981 111,
890 3919 955 3962 non
983 3900 1124 3982 corporis
1147 3898 1258 3981 forma,
1282 3898 1338 3962 sed

215 4016 331 4080 mentis
351 4011 528 4105 ¹virtutibus
551 4011 646 4075 alitur
669 4016 700 4076 et
724 4011 889 4096 augetur.'’

258 4129 287 4192 2.
317 4125 548 4210 lepidissimus
578 4125 669 4189 locus
701 4128 749 4190 est
782 4123 853 4207 (XI,
887 4126 996 4206 3-5),
1019 4123 1078 4188 ubi
1101 4124 1246 4188 Socrates
1269 4126 1339 4208 ipse

214 4241 363 4322 convitia,
397 4237 515 4321 quibus
551 4238 696 4302 homines
727 4239 762 4300 in
791 4239 899 4321 ipsum
929 4240 1070 4320 utantur,
1102 4242 1337 4320 commemorat,
