3352 5260
863 619 925 685 112

327 810 481 893 (ac-31)
516 810 599 874 nihil
633 809 758 894 legitur,
794 808 881 892 quod
911 826 976 872 non
1001 813 1033 872 et
1056 808 1132 874 alibi
1154 808 1349 892 reperiatur;
1375 809 1452 872 satis

326 924 422 1009 longa
444 943 517 1008 pars
539 923 648 1006 (2-8)
672 921 770 986 verbo
794 926 888 986 tenus
912 940 929 985 e
952 920 1214 985 Memorabilibus
1230 921 1298 1004 (IV,
1310 923 1339 999 8,
1355 922 1452 1004 1-8)

328 1038 461 1122 repetita
494 1040 559 1116 est;
590 1037 730 1100 sectione
761 1036 801 1098 13
833 1035 944 1099 eodem
976 1035 1069 1099 modo
1094 1035 1204 1100 eadem
1231 1053 1283 1099 res
1307 1034 1455 1111 docetur,

330 1170 413 1234 quae
447 1149 541 1214 Mem.
572 1149 598 1232 I,
630 1151 659 1232 3,
692 1149 770 1232 9sq.
794 1146 857 1212 Sed
879 1148 1012 1232 indigna
1034 1153 1081 1213 est
1103 1149 1208 1212 inanis
1231 1149 1293 1213 ista
1318 1152 1350 1212 et
1374 1168 1454 1232 pue-

329 1263 399 1328 rilis
434 1263 629 1344 exercitatio,
664 1261 703 1326 de
738 1280 802 1345 qua
830 1261 970 1334 multum
1000 1261 1203 1326 disseramus.
1237 1258 1454 1336 adcredere

330 1377 439 1461 possit,
469 1374 717 1459 Xenophontem
748 1379 813 1439 tam
842 1373 943 1438 fuisse
975 1373 1135 1439 scribendi
1159 1374 1322 1459 cupidum,
1348 1380 1385 1439 ut
1408 1393 1454 1458 ea,

332 1509 414 1574 quae
448 1490 524 1554 olim
560 1493 708 1554 accurate
741 1488 968 1573 explicavisset
999 1492 1031 1553 et
1066 1489 1221 1572 exemplis
1252 1489 1455 1572 illustrasset,

330 1605 448 1669 iterum
472 1604 658 1668 summatim
681 1603 789 1667 ieiune
812 1608 843 1667 et
865 1603 993 1667 exiliter
1015 1606 1225 1683 enumeraret;
1249 1602 1302 1667 vel
1325 1608 1390 1666 tam
1404 1604 1456 1667 sui

332 1718 565 1800 admiratorem,
589 1723 634 1800 ut,
657 1722 828 1802 postquam
852 1717 993 1801 aliquem
1017 1717 1137 1782 librum
1159 1719 1236 1782 satis
1259 1718 1401 1802 amplum
1426 1723 1457 1783 et

333 1833 497 1916 copiosum
539 1831 699 1914 edidisset,
733 1832 829 1896 etiam
864 1832 935 1896 eius
972 1834 1185 1896 summarium
1219 1833 1254 1896 in
1288 1832 1456 1896 hominum

333 1965 449 2008 manus
472 1945 582 2009 venire
605 1944 708 2028 vellet,
730 1946 759 2008 is
782 1950 814 2009 et
835 1944 1027 2029 Apologiam
1050 1942 1259 2028 Xenophonti
1282 1944 1410 2009 tribuat

380 2056 501 2134 Quodsi
524 2059 599 2142 quis
622 2076 673 2122 me
696 2063 796 2142 roget,
819 2077 884 2142 quo
908 2058 1036 2122 tandem
1058 2060 1128 2142 ipse
1151 2077 1298 2124 censeam
1323 2059 1457 2123 consilio

334 2172 581 2256 Xenophontem
615 2153 1033 2256 Memorabiliascripsisse,
1057 2172 1164 2237 malim
1190 2174 1319 2258 quidem
1342 2175 1387 2238 ita
1408 2192 1458 2238 re-

334 2287 500 2372 spondere,
523 2291 560 2350 ut
579 2285 675 2350 simul
693 2284 851 2351 Diodorfii
872 2285 1099 2370 Schenhliique
1121 2285 1283 2360 ἅθετήσεων
1301 2289 1457 2352 rationem

334 2400 478 2483 habeam,
515 2401 570 2465 sed
602 2419 712 2465 eorum
735 2401 847 2484 gratia,
871 2399 989 2484 quibus
1012 2402 1074 2464 viri
1098 2401 1144 2464 illi
1169 2400 1367 2467 celeberrimi
1391 2421 1457 2466 non

336 2518 567 2599 persuaserunt
603 2551 645 2560 -
672 2532 779 2598 neque
801 2533 920 2597 paucos
943 2533 998 2579 eos
1021 2515 1133 2598 opinor
1155 2534 1225 2580 esse
1249 2553 1291 2562 -
1315 2517 1456 2599 primum

336 2626 557 2691 Memorabilia
578 2626 729 2711 spectabo
754 2627 860 2711 qualia
883 2628 923 2691 ad
941 2647 1000 2692 nos
1011 2614 1236 2712 pervenerunt,
1250 2628 1365 2693 deinde
1378 2629 1458 2713 quid

337 2739 377 2804 de
398 2740 486 2804 illius
509 2740 583 2804 libri
606 2740 848 2824 interpolatione
871 2759 1018 2805 censeam
1040 2741 1136 2825 paulo
1160 2743 1342 2806 accuratius
1363 2761 1461 2826 expo-

336 2873 420 2918 nam.
456 2852 555 2918 Credo
590 2873 665 2938 ergo
701 2889 745 2900 -
774 2853 894 2938 fingam
917 2855 1003 2919 enim
1028 2855 1108 2919 mihi
1130 2859 1163 2919 et
1184 2856 1248 2939 ipsi
1270 2875 1461 2940 persuasum

337 2987 407 3032 esse
440 2966 669 3050 Memorabilia,
705 2986 787 3052 quae
820 2987 879 3032 nos
909 2967 1073 3051 habemus,
1096 2973 1163 3033 tota
1193 2969 1232 3033 ab
1255 2971 1325 3054 ipso
1348 2969 1459 3035 Xeno·

337 3082 456 3167 phonte
476 3084 593 3166 scripta
612 3101 682 3147 esse
701 3120 743 3128 —
763 3081 1011 3166 Xenophontem
1030 3085 1242 3167 praeceptoris
1263 3087 1459 3168 memoriam,

338 3201 494 3279 quantam
525 3200 641 3279 posset,
672 3196 849 3280 posteritati
881 3214 1007 3260 servare
1030 3196 1180 3279 voluisse,
1203 3198 1340 3282 ideoque
1365 3199 1458 3282 quid-

340 3312 419 3396 quid
450 3311 479 3374 ei
511 3309 551 3374 de
582 3309 636 3373 illo
667 3311 702 3372 in
726 3313 865 3374 mentem
887 3311 1018 3393 veniret,
1043 3311 1129 3394 qaod
1154 3312 1283 3395 quidem
1307 3315 1460 3377 memoria

341 3425 474 3508 dignum
496 3422 667 3507 videretur,
689 3422 789 3487 literis
812 3422 988 3488 mandasse.
1011 3423 1098 3488 Fecit
1117 3430 1224 3490 autem
1246 3425 1333 3509 quod
1353 3428 1461 3511 aviro,

342 3539 447 3623 qualis
480 3537 542 3602 fuit
575 3535 767 3621 Xenophon,
801 3539 855 3601 cui
888 3538 972 3603 vitae
1007 3558 1086 3603 usus
1115 3540 1219 3623 potior
1247 3545 1332 3606 esset
1364 3562 1462 3626 qnam

341 3651 458 3718 subtile
487 3651 705 3736 philosophiae
735 3651 887 3733 studium,
914 3658 1087 3736 exspectes,
1112 3657 1148 3717 ut
1168 3672 1244 3738 prae
1267 3657 1380 3720 ceteris
1401 3657 1459 3721 illa

341 3766 479 3832 Socratis
500 3769 675 3850 praecepta,
696 3765 751 3829 illa
773 3765 942 3849 colloquia,
960 3765 1031 3831 illas
1049 3767 1283 3833 admonitiones
1297 3769 1460 3854 colligeret

343 3882 577 3963 enarraretque,
600 3878 718 3963 quibus
742 3884 914 3964 appareret,
937 3878 1099 3945 Socratem
1123 3881 1163 3945 ad
1185 3884 1336 3948 virtutem
1358 3883 1464 3948 colen-

345 3993 415 4057 dam
440 3993 717 4077 exercendamque
736 3993 889 4076 homines,
902 3993 1021 4076 quibus
1034 3995 1144 4059 amieis
1158 4001 1308 4081 uteretur,
1322 3997 1465 4063 duxisse.

344 4106 458 4191 Neque
480 4111 587 4171 tamen
610 4126 742 4190 prorsus
764 4108 907 4191 neglexit
930 4112 962 4172 et
983 4126 1021 4172 ea
1040 4126 1297 4194 commemorare,
1314 4111 1464 4196 equibus

345 4219 465 4304 aliquid
497 4220 536 4284 de
566 4219 725 4284 Socratica
756 4221 941 4304 disputandi
970 4222 1118 4287 methodo
1151 4242 1342 4307 cognoscere
1364 4226 1465 4291 lector

343 4339 458 4422 posset.
487 4333 573 4399 Fieri
603 4339 710 4400 autem
740 4353 805 4398 non
828 4339 958 4420 poterat,
982 4341 1018 4400 ut
1040 4337 1072 4400 in
1097 4338 1258 4402 eiusmodi
1282 4338 1363 4403 libro
1388 4342 1466 4404 scri-
