3354 5268
776 622 816 683 si

234 827 312 870 vum
335 807 476 879 ι’νκθήναι.
502 805 681 890 Cupiebant
703 807 788 870 enim
812 806 909 870 drioes
933 825 999 870 non
1022 809 1131 871 minus
1156 827 1253 891 quam
1275 808 1359 871 mili-

233 925 281 986 tos
304 921 423 1005 praeda
446 921 555 985 onusti
584 921 715 984 domum
746 921 871 1003 reverti,
895 927 927 984 et
949 922 996 984 sio
1018 920 1119 994 δνήσαι
1140 943 1168 984 τι
1191 919 1258 992 τοὺς
1281 917 1356 984 οἴκοι.

235 1033 335 1098 Credo
367 1054 441 1118 ergo
472 1034 533 1098 hoo
564 1034 633 1098 loco
657 1035 916 1098 terminationem
940 1033 1020 1107 θνναι
1044 1054 1062 1099 e
1086 1035 1273 1119 compendio
1298 1040 1360 1099 ter-

234 1149 419 1212 minationis
442 1169 491 1210 σαι
516 1153 625 1211 natam
649 1165 726 1211 esse.

278 1259 335 1343 VI,
361 1263 380 1322 3
404 1257 539 1331 αναστὰς
562 1258 594 1322 δὲ
617 1259 826 1335 Ἑκατώνυμος
849 1262 957 1339 πρῶτον
980 1261 1035 1337 μὲν
1058 1260 1271 1337 ἀπελογήσατο
1294 1259 1359 1341 περὶ

235 1366 267 1436 οὗ
301 1364 378 1434 εἶπεν
413 1373 450 1443 ὠς
479 1373 528 1435 τὸν
562 1370 757 1452 Παφλαγόνα
787 1371 874 1452 Φίλον
897 1371 1065 1446 ποιήσοιντο,
1089 1371 1132 1437 ὅτι
1155 1375 1214 1453 οὐχ
1237 1375 1275 1445 ὥς
1297 1380 1358 1447 τοῖς

236 1483 365 1558 Ἕλλησι
394 1483 620 1562 πολεμησόντων
650 1489 735 1566 σφῶν
758 1481 839 1558 εἵτοι,
863 1484 934 1549 αλλ’
960 1483 1002 1549 ὅτι
1026 1483 1088 1560 ἐξὸν
1112 1492 1174 1559 τοῖς
1197 1485 1359 1567 βαρβάροις

235 1597 340 1678 Φίλιος
363 1591 433 1661 εἶναι
456 1597 522 1670 τοὺς
547 1595 700 1671 Ἕλληνας
720 1597 894 1678 αἱρήσονται.
915 1598 1013 1662 Haud
1025 1599 1121 1664 dubie
1134 1598 1359 1684 Xenophontis

238 1711 335 1776 verba
369 1712 473 1777 labem
508 1717 747 1777 contraxerunt.
781 1712 856 1776 Non
886 1714 972 1778 enim
1003 1718 1075 1797 post
1098 1715 1357 1778 coniunctionem

234 1824 318 1888 ἀλλα
340 1826 432 1909 sequi
454 1830 558 1910 potest
580 1822 632 1898 ὅτι,
656 1846 730 1890 nam
754 1847 773 1889 a
792 1825 890 1890 verbo
910 1824 1122 1902 ἀπελογήσατο
1140 1847 1206 1890 una
1218 1827 1358 1911 pendere

237 1937 330 2002 debet
353 1940 519 2020 sententia,
540 1939 574 2000 in
599 1938 680 2002 duas
702 1943 808 2023 partes
832 1939 942 2021 divisa,
963 1959 1101 2022 quarum
1121 1939 1219 2003 altera
1229 1939 1359 2021 indicet,

235 2051 313 2134 quid
336 2051 579 2132 Hecatonymus
602 2052 707 2115 dicere
730 2052 877 2134 voluerit,
896 2052 995 2115 altera
1018 2051 1097 2134 quid
1116 2071 1181 2115 non
1201 2051 1356 2115 voluerit:

236 2165 322 2247 prior
355 2183 427 2248 pars
458 2166 492 2228 in
524 2166 666 2248 genitivo
698 2163 843 2229 absoluto
876 2167 918 2229 sit
940 2167 1052 2249 posita,
1073 2164 1144 2229 fieri
1167 2167 1224 2228 vix
1246 2171 1360 2248 potest,

238 2280 318 2360 quin
343 2283 373 2342 ot
395 2279 551 2363 posterior
574 2278 707 2343 eandem
731 2284 926 2343 structuram
946 2279 1068 2343 habeat.
1086 2278 1172 2362 Lege
1192 2297 1266 2364 ergo
1286 2277 1357 2341 αλλ’

236 2391 283 2468 ὡς,
318 2387 380 2464 ε’ξὸν
413 2397 475 2462 τοῖς
510 2389 668 2472 βαρβάροις
703 2391 808 2471 Φίλιος
842 2385 922 2465 εἶναι,
958 2391 1024 2460 τοὺς
1056 2388 1210 2465 Ἕλληνας
1244 2391 1358 2470 αἱρήσο-

236 2501 338 2580 μένοι.
375 2503 458 2568 Vide
488 2524 552 2588 quo
584 2505 678 2568 modo
710 2505 946 2570 emendandum
977 2525 1124 2570 censeam
1155 2505 1243 2589 quod
1272 2505 1298 2588 I,
1330 2506 1360 2588 3,

238 2617 278 2678 15
303 2617 427 2700 legitur.

279 2728 335 2811 VI,
361 2729 400 2792 10
425 2725 459 2802 ἐξ
483 2728 659 2808 Ἡρακλείας
683 2728 714 2792 δὲ
735 2727 800 2793 οὔτε
818 2727 893 2810 πεζή
906 2728 971 2793 οὔτε
983 2729 1063 2794 κατδι
1077 2728 1230 2794 θάλατταν
1242 2727 1359 2808 οὶτορία·

234 2839 334 2903 πολλοὶ
357 2839 414 2917 γαρ
437 2839 489 2904 καὶ
513 2848 603 2905 τλοῖα
626 2841 703 2905 ἐστὶν
727 2843 755 2906 ἑν
779 2841 947 2924 Ἡρακλεία.
971 2841 1030 2906 Καὶ
1051 2849 1157 2906 τλοῐαῑ
1180 2843 1258 2927 quid
1270 2860 1360 2926 prae·

235 2955 344 3019 terea?
377 2957 430 3018 An
465 2975 590 3038 currus,
625 2955 744 3040 quihus
778 2956 936 3020 vehantur
967 2958 1092 3040 milites²
1117 2957 1174 3040 qui
1204 2975 1359 3021 nauseam

237 3074 392 3132 metuunt.
416 3069 628 3133 inserendum
653 3070 780 3133 videtur
804 3069 997 3134 adieotivum
1021 3069 1111 3132 καλή.

280 3183 335 3265 Ἦ,
372 3185 412 3246 18
455 3179 501 3253 οὓς
544 3181 601 3262 γδιρ
640 3182 720 3263 ταρδι
755 3181 844 3264 Κύρου
878 3181 972 3260 ἔλαβε
1004 3180 1178 3268 τριςχιλήονς
1212 3182 1357 3259 δαρεικοὺς

237 3292 295 3380 [ὅτε
324 3296 380 3366 τοὶς
412 3294 484 3359 δέκα
515 3294 625 3377 ἡμέρας
654 3295 794 3370 ήλήήενσε
816 3295 950 3374 θυόμενος
974 3295 1064 3382 Κύρῳ]
1089 3296 1257 3361 διεσεσώκει.
1284 3297 1358 3362 Non

236 3415 353 3492 metue,
387 3429 428 3474 ne
458 3412 531 3492 quis
565 3409 663 3474 verba
694 3432 713 3475 a
743 3431 794 3476 me
825 3413 952 3476 inclusa
976 3411 1184 3496 Xenophonti
1207 3413 1355 3475 vindicet.

236 3521 315 3598 Quis
339 3525 423 3588 enim
448 3545 593 3608 unquam
616 3526 661 3588 ita
683 3525 811 3589 loeutus
831 3531 897 3590 est:
918 3524 974 3597 τοὶς
993 3523 1065 3588 δέκα
1086 3524 1197 3606 ἡμέρας
1218 3524 1358 3598 ἠλήθευσε

235 3641 266 3700 et
289 3635 422 3713 θυόμενος
445 3635 548 3716 Κύρῳῖ
570 3637 652 3702 Vide
676 3638 714 3702 ad
737 3639 762 3721 I,
788 3640 815 3721 7,
840 3641 890 3702 18.

279 3749 335 3826 u,
360 3751 401 3812 20
424 3749 438 3812 ὃ
457 3750 484 3813 δ’
504 3749 632 3827 ἄσμενος
652 3749 791 3823 ἀκούσας.
814 3751 897 3828 Quid
911 3753 1039 3817 tandem
1050 3751 1211 3815 Timasion
1222 3751 1357 3814 audierit

236 3882 301 3927 non
333 3863 425 3927 iaoile
459 3864 554 3928 dieas.
591 3863 783 3948 Corruptum
815 3885 885 3930 osse
915 3863 1044 3935 οἰκούσας
1074 3865 1125 3929 vel
1157 3869 1285 3949 propter
1307 3864 1357 3927 bis

235 3976 427 4060 praecedens
459 3975 637 4049 ακούσαντα
663 3978 821 4043 affirmare
844 3980 957 4043 ausim.
980 3978 1099 4042 Veram
1121 3984 1226 4042 tamen
1249 3977 1358 4041 leotio·

235 4107 310 4153 nem
332 4108 398 4153 non
423 4092 554 4173 repperi.

280 4201 337 4285 VI,
368 4204 410 4264 25
440 4201 576 4275 αναστὰς
606 4195 687 4275 αὖθις
710 4201 824 4284 Θώραξ,
846 4200 876 4275 ὃς
899 4201 963 4283 περὶ
988 4202 1170 4283 στρατηγίας
1195 4208 1356 4286 Ξενοφῶντι

237 4311 384 4395 ἐνήχετο,
419 4312 478 4395 ἔφη
512 4315 574 4381 κτὲ.
609 4315 748 4384 Oobetus
783 4322 856 4382 ante
887 4314 952 4397 τερί
978 4318 1091 4382 inserit
1121 4315 1182 4382 aiei:
1207 4320 1357 4404 equidem
