3330 5262
871 605 935 667 314

338 790 424 851 τοῦτο
446 783 570 864 γένηται
593 784 765 864 ἡγησόμεθα
789 786 844 863 μὲν
867 786 962 864 ἡμεῖς,
985 786 1047 860 alas
1069 787 1095 851 δ’
1117 787 1185 864 ὑμῖν
1205 785 1288 852 derat
1307 788 1468 868 ἑπομένοις,

337 896 403 976 ἐμοὶ
435 897 533 970 μέντοι
564 895 697 972 tataros,
729 895 766 972 ὥς
789 923 826 976 γε
849 922 898 976 μοι
921 899 1004 964 δοκεῖ.
1030 899 1128 966 Haud
1153 901 1250 966 dubie
1273 903 1468 968 vocabulum

336 1017 423 1078 τοῦτο
452 1015 582 1097 respicit
611 1013 651 1077 ad
680 1013 903 1097 praecedentia
937 1011 1001 1093 πρὶν
1025 1017 1081 1078 τῶν
1104 1012 1253 1095 σφετέροιο
1275 1012 1293 1088 ἢ
1317 1015 1399 1080 πέσοι
1421 1039 1467 1088 τις

336 1124 353 1200 ἢ
374 1125 496 1206 τρωθείη.
517 1125 603 1210 Ergo
622 1133 711 1190 vates
731 1131 762 1190 et
780 1128 850 1210 ipse
862 1125 1030 1210 siguificat,
1043 1146 1078 1191 se
1089 1133 1350 1211 exspectaturum
1366 1131 1467 1196 donec

336 1241 419 1306 alius
441 1241 515 1323 quis
539 1243 595 1303 aut
617 1239 765 1304 ceciderit
788 1245 846 1304 aut
868 1239 1058 1304 vulneratus
1081 1242 1133 1304 sit
1156 1239 1220 1304 Sed
1239 1251 1347 1324 neque
1366 1243 1465 1308 alium

336 1353 495 1436 quendam
520 1353 719 1416 voluntariae
742 1354 837 1416 morti
860 1371 895 1418 se
919 1352 1085 1435 obtulisse,
1104 1353 1155 1439 vel
1174 1352 1343 1418 Protesilai
1362 1355 1466 1419 instar

334 1466 473 1529 inscium
515 1466 629 1529 ceteris
670 1465 838 1528 victoriam
872 1464 1057 1548 praebuisse
1093 1468 1326 1550 cognoscimus,
1362 1474 1403 1550 et,
1438 1470 1466 1532 si

333 1579 398 1642 iam
434 1615 475 1624 --
511 1578 545 1641 id
580 1578 666 1661 quod
701 1579 833 1642 minime
862 1577 1025 1661 probabile
1056 1579 1184 1645 videtur
1215 1616 1257 1626 —
1281 1578 1464 1664 Xenophon

334 1690 516 1756 censendus
540 1697 588 1755 est
611 1691 740 1756 lectoris
763 1692 893 1774 ingenio
915 1693 1110 1775 permisisse,
1135 1698 1171 1756 ut
1192 1691 1254 1756 ιὶιιίι
1276 1696 1327 1756 τοῦ
1349 1715 1463 1756 otora-

334 1801 421 1879 μὲιου
448 1803 648 1886 intelligeret,
670 1803 778 1868 nobile
803 1803 886 1866 illud
909 1803 1036 1868 facinus
1058 1823 1176 1868 ausum
1199 1823 1269 1869 esse
1293 1805 1464 1889 quendam,

334 1918 428 1981 ouius
458 1933 575 1980 nemen
607 1917 641 1980 iu
667 1915 860 1980 oblivionem
886 1916 1008 1998 abierit,
1031 1905 1186 2001 perquam
1209 1922 1258 1980 est
1281 1916 1464 1996 obscurum,

333 2029 413 2113 quid
444 2028 506 2094 sibi
535 2029 590 2094 illa
622 2028 682 2094 tria
715 2035 803 2109 μιῖριι
827 2031 973 2107 voluerit,
996 2049 1078 2114 quae
1101 2036 1206 2096 vatem
1230 2031 1402 2115 impulerit,
1426 2038 1465 2096 ut

331 2142 364 2208 id
398 2141 523 2225 faceret,
558 2141 646 2226 quod
681 2143 816 2206 minime
851 2147 936 2206 esset
966 2144 1194 2207 necessarium.
1224 2142 1353 2208 Poterat
1375 2145 1463 2208 enim

332 2255 417 2318 vitae
439 2272 516 2318 suae
539 2272 680 2338 parcere,
703 2253 941 2338 praeclarisque
964 2256 1032 2319 suis
1056 2255 1217 2318 vaticiniis
1239 2256 1359 2339 patriae
1382 2257 1462 2320 ami·

331 2369 443 2451 cisque
466 2367 622 2450 prodesse
644 2384 783 2450 pergere.
805 2366 921 2432 Omnia
939 2387 1014 2452 ergo
1034 2387 1071 2432 eo
1091 2368 1224 2450 ducunt,
1236 2373 1274 2432 ut
1292 2368 1461 2434 credamus

329 2481 446 2543 vitiam
478 2479 610 2563 aliquod
633 2481 807 2544 narrationi
828 2481 942 2545 inesse.
967 2479 1128 2563 Equidem
1151 2486 1207 2544 aut
1228 2483 1314 2543 τοῦτο
1337 2478 1461 2557 γένηται

329 2597 385 2656 aut
414 2589 531 2656 ἑπειδοέο
563 2598 749 2675 corruptum
773 2611 843 2657 esse
867 2595 1054 2658 censuerim.
1078 2593 1153 2657 Sive
1177 2595 1264 2658 euim
1286 2613 1343 2677 pro
1369 2597 1456 2656 τοῦτο

329 2703 451 2782 γέοιοοι
480 2705 627 2790 legamus
650 2702 707 2785 ὧροι
730 2704 851 2782 γένηται
876 2707 938 2779 (vel
962 2707 1120 2770 eiusmodi
1142 2707 1286 2791 aliquid),
1309 2708 1378 2771 sive
1400 2727 1460 2790 pro

329 2815 447 2882 ἐπειδοὶο
481 2818 575 2882 aliam
612 2820 872 2883 coniunctionem
907 2820 951 2900 (e.¹
975 2839 1022 2902 gr.
1053 2815 1110 2900 iva)
1140 2839 1308 2902 ponamus
1332 2822 1461 2903 egregie

330 2931 438 2995 omnia
460 2930 683 2995 cohaerebunt.
711 2929 833 3007 Quodsi
858 2933 932 3015 quis
952 2931 1088 3014 obiiciat,
1101 2937 1208 2996 umen
1220 2931 1272 2996 vel
1284 2933 1330 2996 sio
1343 2931 1459 2996 obscu-

329 3062 402 3108 rum
435 3060 514 3125 esse,
549 3043 629 3126 quid
665 3042 727 3108 sibi
760 3044 861 3108 velint
893 3044 990 3108 rerba
1021 3040 1058 3116 ὥς
1081 3042 1118 3120 γε’
1142 3066 1191 3120 μοι
1215 3043 1303 3114 δοκεῖ,
1328 3063 1460 3128 quoque

328 3156 508 3238 pertineant
541 3155 639 3219 verba
674 3152 726 3219 aa>
760 3156 811 3218 οὐκ
841 3153 999 3234 ἕψεύοοιτο,
1028 3159 1073 3220 ita
1094 3156 1312 3239 respondeam.
1336 3155 1457 3221 Utrum

328 3268 392 3350 ille,
425 3269 482 3351 qui
515 3270 638 3351 primus
674 3270 709 3332 in
741 3269 849 3334 hostes
880 3270 1037 3352 irruisset,
1060 3272 1245 3352 moriturus,
1270 3290 1311 3333 an
1335 3271 1458 3336 vulnus

327 3380 550 3444 tantummodo
585 3386 775 3463 accepturus
811 3386 906 3463 esset,
939 3401 1003 3445 non
1035 3401 1092 3465 pro
1124 3387 1209 3446 certo
1239 3402 1256 3446 e
1290 3382 1457 3448 sacrificiis

328 3493 501 3577 constabat,
532 3494 587 3559 sed
620 3495 723 3577 ipsius
747 3495 829 3558 vatis
853 3497 1055 3558 coniecturae
1079 3514 1115 3559 ea
1138 3514 1190 3560 res
1214 3497 1369 3580 permissa
1390 3517 1459 3560 ma-

326 3607 439 3688 uebat;
463 3612 566 3672 totum
591 3613 699 3672 autem
718 3609 907 3672 vaticinium
926 3607 1034 3672 verbis
1054 3608 1104 3671 οὐκ
1116 3606 1262 3686 ἐψεύσατο
1274 3610 1458 3693 respicitur,

328 3722 383 3785 sed
415 3727 488 3786 ante
519 3723 626 3785 omnia
656 3722 807 3804 primaria
838 3722 907 3785 eius
930 3740 1013 3804 pars,
1035 3741 1100 3804 qua
1122 3720 1314 3803 Thrasybuli
1337 3723 1457 3788 milites

327 3835 492 3898 victoriam
516 3839 733 3920 reportaturos
756 3833 879 3897 dictum
904 3839 979 3898 erat.

371 3946 427 4030 IV,
463 3949 513 4012 38.
547 3946 611 4013 Per
644 3946 840 4010 Pausaniam
871 3947 1058 4031 legatosque
1088 3946 1217 4031 publice
1246 3946 1455 4031 aSpartanis

326 4062 442 4124 misses
472 4062 556 4126 inter
586 4058 653 4132 τοὺς
683 4060 716 4122 ἐκ
740 4062 877 4138 Πειραιῶς
901 4065 932 4124 et
955 4058 1022 4130 τοὺς
1045 4055 1079 4132 ἐξ
1100 4056 1205 4130 ἄστεος
1227 4079 1292 4143 pax
1315 4061 1355 4124 iis
1377 4081 1455 4125 con-

324 4173 500 4237 ditionibus
533 4173 578 4256 fit,
610 4177 646 4237 ut
679 4173 810 4236 domum
837 4173 967 4237 redeant
998 4191 1118 4253 omueS,
1142 4174 1285 4256 exceptis
1307 4174 1453 4257 triginta-

325 4288 412 4370 viris,
446 4286 685 4370 undecimviris,
718 4286 924 4351 decemviris:
957 4284 981 4348 εἰ
1012 4283 1043 4348 δέ
1074 4307 1148 4357 τινες
1178 4283 1318 4365 φοβοῖντο
1340 4288 1396 4348 τῶν
1418 4283 1455 4360 ἐξ
