<?xml version="1.0" encoding="UTF-8"?>
<!DOCTYPE html PUBLIC "-//W3C//DTD XHTML 1.0 Transitional//EN"
    "http://www.w3.org/TR/xhtml1/DTD/xhtml1-transitional.dtd">
<html xmlns="http://www.w3.org/1999/xhtml" xml:lang="en" lang="en">
 <head>
  <title>
</title>
<meta http-equiv="Content-Type" content="text/html;charset=utf-8" />
  <meta name='ocr-system' content='tesseract 3.04.00' />
  <meta name='ocr-capabilities' content='ocr_page ocr_carea ocr_par ocr_line ocrx_word'/>
</head>
<body>
  <div class='ocr_page' id='page_1' title='image "./analectaxenopho00hartgoog_0063.png"; bbox 0 0 3354 5268; ppageno 0'>
   <div class='ocr_carea' id='block_1_1' title="bbox 865 607 907 670">
    <p class='ocr_par' dir='ltr' id='par_1_1' title="bbox 865 607 907 670">
     <span class='ocr_line' id='line_1_1' title="bbox 865 607 907 670; baseline 0.024 -1"><span class='ocrx_word' id='word_1_1' title='bbox 865 607 907 670; x_wconf 88' lang='grc'>48</span> 
     </span>
    </p>
   </div>
   <div class='ocr_carea' id='block_1_2' title="bbox 337 787 1462 4390">
    <p class='ocr_par' dir='ltr' id='par_1_2' title="bbox 337 787 1452 1104">
     <span class='ocr_line' id='line_1_2' title="bbox 337 787 1451 874; baseline 0 -20"><span class='ocrx_word' id='word_1_2' title='bbox 337 790 396 870; x_wconf 76' lang='grc' dir='ltr'>μθν</span> <span class='ocrx_word' id='word_1_3' title='bbox 420 794 465 855; x_wconf 86' lang='lat' dir='ltr'>ita</span> <span class='ocrx_word' id='word_1_4' title='bbox 487 789 639 872; x_wconf 80' lang='lat' dir='ltr'>adhiberi,</span> <span class='ocrx_word' id='word_1_5' title='bbox 660 794 697 852; x_wconf 88' lang='lat' dir='ltr'>ut</span> <span class='ocrx_word' id='word_1_6' title='bbox 721 787 980 873; x_wconf 80' lang='lat' dir='ltr'>praecedentibus</span> <span class='ocrx_word' id='word_1_7' title='bbox 1003 788 1124 872; x_wconf 89' lang='lat' dir='ltr'>aliquid</span> <span class='ocrx_word' id='word_1_8' title='bbox 1147 790 1307 874; x_wconf 85' lang='lat' dir='ltr'>adiungat,</span> <span class='ocrx_word' id='word_1_9' title='bbox 1332 791 1451 854; x_wconf 87' lang='lat' dir='ltr'>sivein</span> 
     </span>
     <span class='ocr_line' id='line_1_3' title="bbox 339 902 1452 985; baseline -0.002 -15"><span class='ocrx_word' id='word_1_10' title='bbox 339 906 483 970; x_wconf 86' lang='lat' dir='ltr'>addendo</span> <span class='ocrx_word' id='word_1_11' title='bbox 522 923 642 967; x_wconf 87' lang='lat' dir='ltr'>novum</span> <span class='ocrx_word' id='word_1_12' title='bbox 675 902 863 985; x_wconf 86' lang='lat' dir='ltr'>membrum,</span> <span class='ocrx_word' id='word_1_13' title='bbox 893 904 961 967; x_wconf 87' lang='lat' dir='ltr'>sive</span> <span class='ocrx_word' id='word_1_14' title='bbox 991 904 1025 965; x_wconf 91' lang='lat' dir='ltr'>in</span> <span class='ocrx_word' id='word_1_15' title='bbox 1055 903 1301 969; x_wconf 86' lang='lat' dir='ltr'>demonstrando</span> <span class='ocrx_word' id='word_1_16' title='bbox 1332 923 1452 969; x_wconf 86' lang='lat' dir='ltr'>novum</span> 
     </span>
     <span class='ocr_line' id='line_1_4' title="bbox 339 1024 572 1104; baseline -0.013 -21"><span class='ocrx_word' id='word_1_17' title='bbox 339 1024 572 1104; x_wconf 87' lang='lat' dir='ltr'>argumentum.</span> 
     </span>
    </p>

    <p class='ocr_par' dir='ltr' id='par_1_3' title="bbox 338 1131 1455 1672">
     <span class='ocr_line' id='line_1_5' title="bbox 382 1131 1452 1215; baseline -0.001 -18"><span class='ocrx_word' id='word_1_18' title='bbox 382 1133 514 1197; x_wconf 81' lang='lat' dir='ltr'>Initium</span> <span class='ocrx_word' id='word_1_19' title='bbox 537 1132 648 1196; x_wconf 90' lang='lat' dir='ltr'>faciam</span> <span class='ocrx_word' id='word_1_20' title='bbox 674 1151 692 1194; x_wconf 89' lang='lat' dir='ltr'>a</span> <span class='ocrx_word' id='word_1_21' title='bbox 714 1131 816 1195; x_wconf 87' lang='lat' dir='ltr'>tribus</span> <span class='ocrx_word' id='word_1_22' title='bbox 839 1131 928 1212; x_wconf 90' lang='lat' dir='ltr'>locis,</span> <span class='ocrx_word' id='word_1_23' title='bbox 946 1133 1002 1215; x_wconf 91' lang='lat' dir='ltr'>qui</span> <span class='ocrx_word' id='word_1_24' title='bbox 1021 1151 1152 1215; x_wconf 87' lang='lat' dir='ltr'>prorsus</span> <span class='ocrx_word' id='word_1_25' title='bbox 1174 1133 1316 1197; x_wconf 88' lang='lat' dir='ltr'>eiusdem</span> <span class='ocrx_word' id='word_1_26' title='bbox 1327 1134 1452 1215; x_wconf 85' lang='lat' dir='ltr'>generis</span> 
     </span>
     <span class='ocr_line' id='line_1_6' title="bbox 340 1245 1453 1330; baseline -0.002 -19"><span class='ocrx_word' id='word_1_27' title='bbox 340 1254 424 1330; x_wconf 86' lang='lat' dir='ltr'>sunt,</span> <span class='ocrx_word' id='word_1_28' title='bbox 456 1254 488 1310; x_wconf 85' lang='lat' dir='ltr'>et</span> <span class='ocrx_word' id='word_1_29' title='bbox 516 1248 550 1310; x_wconf 91' lang='lat' dir='ltr'>in</span> <span class='ocrx_word' id='word_1_30' title='bbox 578 1246 688 1310; x_wconf 91' lang='lat' dir='ltr'>eodem</span> <span class='ocrx_word' id='word_1_31' title='bbox 712 1247 813 1329; x_wconf 85' lang='lat' dir='ltr'>capite</span> <span class='ocrx_word' id='word_1_32' title='bbox 836 1245 996 1329; x_wconf 84' lang='lat' dir='ltr'>leguntur,</span> <span class='ocrx_word' id='word_1_33' title='bbox 1020 1246 1053 1309; x_wconf 90' lang='lat' dir='ltr'>id</span> <span class='ocrx_word' id='word_1_34' title='bbox 1078 1248 1183 1310; x_wconf 90' lang='lat' dir='ltr'>estin</span> <span class='ocrx_word' id='word_1_35' title='bbox 1207 1265 1243 1311; x_wconf 92' lang='lat' dir='ltr'>eo</span> <span class='ocrx_word' id='word_1_36' title='bbox 1267 1248 1453 1330; x_wconf 85' lang='lat' dir='ltr'>capitequo</span> 
     </span>
     <span class='ocr_line' id='line_1_7' title="bbox 339 1358 1455 1444; baseline -0.001 -19"><span class='ocrx_word' id='word_1_37' title='bbox 339 1361 442 1443; x_wconf 85' lang='lat' dir='ltr'>Cyrus</span> <span class='ocrx_word' id='word_1_38' title='bbox 466 1362 622 1425; x_wconf 86' lang='lat' dir='ltr'>laudatur.</span> <span class='ocrx_word' id='word_1_39' title='bbox 645 1359 840 1423; x_wconf 86' lang='lat' dir='ltr'>Brevissimo</span> <span class='ocrx_word' id='word_1_40' title='bbox 863 1358 1041 1442; x_wconf 86' lang='lat' dir='ltr'>intervallo,</span> <span class='ocrx_word' id='word_1_41' title='bbox 1068 1359 1122 1423; x_wconf 90' lang='lat' dir='ltr'>ubi</span> <span class='ocrx_word' id='word_1_42' title='bbox 1146 1376 1230 1424; x_wconf 90' lang='lat' dir='ltr'>nova</span> <span class='ocrx_word' id='word_1_43' title='bbox 1252 1360 1360 1444; x_wconf 88' lang='lat' dir='ltr'>aliqua</span> <span class='ocrx_word' id='word_1_44' title='bbox 1379 1359 1455 1442; x_wconf 78' lang='lat' dir='ltr'>cyri</span> 
     </span>
     <span class='ocr_line' id='line_1_8' title="bbox 339 1461 1454 1558; baseline 0 -20"><span class='ocrx_word' id='word_1_45' title='bbox 339 1479 442 1540; x_wconf 84' lang='lat' dir='ltr'>virtus</span> <span class='ocrx_word' id='word_1_46' title='bbox 473 1476 611 1556; x_wconf 82' lang='lat' dir='ltr'>affertur,</span> <span class='ocrx_word' id='word_1_47' title='bbox 643 1473 824 1558; x_wconf 88' lang='lat' dir='ltr'>Xenophon</span> <span class='ocrx_word' id='word_1_48' title='bbox 855 1479 1018 1557; x_wconf 86' lang='lat' dir='ltr'>tamquam</span> <span class='ocrx_word' id='word_1_49' title='bbox 1050 1461 1321 1541; x_wconf 52' lang='lat' dir='ltr'>catenae&#39;annulo</span> <span class='ocrx_word' id='word_1_50' title='bbox 1345 1475 1454 1538; x_wconf 89' lang='lat' dir='ltr'>eadem</span> 
     </span>
     <span class='ocr_line' id='line_1_9' title="bbox 338 1587 750 1672; baseline -0.007 -18"><span class='ocrx_word' id='word_1_51' title='bbox 338 1592 440 1654; x_wconf 85' lang='lat' dir='ltr'>utitur</span> <span class='ocrx_word' id='word_1_52' title='bbox 463 1589 626 1672; x_wconf 87' lang='lat' dir='ltr'>particula.</span> <span class='ocrx_word' id='word_1_53' title='bbox 652 1587 750 1652; x_wconf 78' lang='lat' dir='ltr'>Sunt:</span> 
     </span>
    </p>

    <p class='ocr_par' dir='ltr' id='par_1_4' title="bbox 339 1697 1454 2008">
     <span class='ocr_line' id='line_1_10' title="bbox 382 1697 1454 1783; baseline -0.002 -18"><span class='ocrx_word' id='word_1_54' title='bbox 382 1703 424 1766; x_wconf 94' lang='grc' dir='ltr'>ΙΙ.</span> <span class='ocrx_word' id='word_1_55' title='bbox 455 1701 487 1765; x_wconf 78' lang='lat' dir='ltr'>L</span> <span class='ocrx_word' id='word_1_56' title='bbox 512 1702 537 1783; x_wconf 99' lang='grc' dir='ltr'>Ι,</span> <span class='ocrx_word' id='word_1_57' title='bbox 562 1703 590 1783; x_wconf 88' lang='grc'>9,</span> <span class='ocrx_word' id='word_1_58' title='bbox 616 1701 655 1763; x_wconf 89' lang='grc'>16</span> <span class='ocrx_word' id='word_1_59' title='bbox 681 1697 720 1771; x_wconf 80' lang='grc' dir='ltr'><em>εἵς</em></span> <span class='ocrx_word' id='word_1_60' title='bbox 743 1724 779 1778; x_wconf 86' lang='grc' dir='ltr'><em>γε</em></span> <span class='ocrx_word' id='word_1_61' title='bbox 802 1699 861 1776; x_wconf 71' lang='grc' dir='ltr'>μὴν</span> <span class='ocrx_word' id='word_1_62' title='bbox 885 1697 1063 1773; x_wconf 72' lang='grc' dir='ltr'><em>δικαιοσύνην</em></span> <span class='ocrx_word' id='word_1_63' title='bbox 1086 1697 1113 1763; x_wconf 74' lang='lat' dir='ltr'>el</span> <span class='ocrx_word' id='word_1_64' title='bbox 1132 1725 1176 1773; x_wconf 82' lang='grc' dir='ltr'>τις</span> <span class='ocrx_word' id='word_1_65' title='bbox 1199 1700 1321 1780; x_wconf 80' lang='grc' dir='ltr'><em>Φανερὸς</em></span> <span class='ocrx_word' id='word_1_66' title='bbox 1345 1697 1454 1778; x_wconf 83' lang='grc' dir='ltr'><em>γένοιτο</em></span> 
     </span>
     <span class='ocr_line' id='line_1_11' title="bbox 339 1810 1453 1892; baseline -0.001 -15"><span class='ocrx_word' id='word_1_67' title='bbox 339 1813 548 1878; x_wconf 64' lang='grc' dir='ltr'><em>ἐπιδείκνυσθαι</em></span> <span class='ocrx_word' id='word_1_68' title='bbox 583 1810 767 1890; x_wconf 81' lang='grc' dir='ltr'><em>βουλόμενος,</em></span> <span class='ocrx_word' id='word_1_69' title='bbox 799 1813 859 1892; x_wconf 78' lang='grc' dir='ltr'><em>περὶ</em></span> <span class='ocrx_word' id='word_1_70' title='bbox 890 1813 999 1884; x_wconf 81' lang='grc' dir='ltr'><em>παντὸς</em></span> <span class='ocrx_word' id='word_1_71' title='bbox 1029 1815 1150 1878; x_wconf 83' lang='grc' dir='ltr'><em>ἐποιεῖτο</em></span> <span class='ocrx_word' id='word_1_72' title='bbox 1172 1812 1290 1886; x_wconf 76' lang='grc' dir='ltr'><em>τούτους</em></span> <span class='ocrx_word' id='word_1_73' title='bbox 1313 1827 1453 1878; x_wconf 82' lang='grc' dir='ltr'><em>πλουσιω-</em></span> 
     </span>
     <span class='ocr_line' id='line_1_12' title="bbox 339 1925 1214 2008; baseline -0.002 -17"><span class='ocrx_word' id='word_1_74' title='bbox 339 1927 424 2008; x_wconf 84' lang='grc' dir='ltr'><em>τέρως</em></span> <span class='ocrx_word' id='word_1_75' title='bbox 448 1925 500 2006; x_wconf 78' lang='grc' dir='ltr'>ζῆν</span> <span class='ocrx_word' id='word_1_76' title='bbox 524 1933 613 1990; x_wconf 85' lang='grc' dir='ltr'><em>ποιεῖν</em></span> <span class='ocrx_word' id='word_1_77' title='bbox 636 1930 692 1989; x_wconf 80' lang='grc' dir='ltr'>τῶν</span> <span class='ocrx_word' id='word_1_78' title='bbox 714 1927 747 1989; x_wconf 84' lang='grc' dir='ltr'>ἐκ</span> <span class='ocrx_word' id='word_1_79' title='bbox 769 1931 820 1990; x_wconf 83' lang='grc' dir='ltr'>τοῦ</span> <span class='ocrx_word' id='word_1_80' title='bbox 844 1926 943 1990; x_wconf 67' lang='lat' dir='ltr'>olbiano</span> <span class='ocrx_word' id='word_1_81' title='bbox 965 1925 1214 2006; x_wconf 59' lang='lat' dir='ltr'>(praeambulator.</span> 
     </span>
    </p>

    <p class='ocr_par' dir='ltr' id='par_1_5' title="bbox 340 2037 1455 2234">
     <span class='ocr_line' id='line_1_13' title="bbox 383 2037 1455 2122; baseline 0 -18"><span class='ocrx_word' id='word_1_82' title='bbox 383 2041 442 2104; x_wconf 92' lang='grc' dir='ltr'>ΙΙΙ,</span> <span class='ocrx_word' id='word_1_83' title='bbox 476 2040 510 2104; x_wconf 87' lang='lat' dir='ltr'>L.</span> <span class='ocrx_word' id='word_1_84' title='bbox 540 2040 566 2122; x_wconf 95' lang='grc' dir='ltr'>Ι,</span> <span class='ocrx_word' id='word_1_85' title='bbox 598 2042 626 2122; x_wconf 90' lang='grc'>9,</span> <span class='ocrx_word' id='word_1_86' title='bbox 659 2042 699 2103; x_wconf 89' lang='grc'>18</span> <span class='ocrx_word' id='word_1_87' title='bbox 730 2038 814 2102; x_wconf 68' lang='grc' dir='ltr'><em>ἄλλα</em></span> <span class='ocrx_word' id='word_1_88' title='bbox 843 2039 903 2116; x_wconf 71' lang='grc' dir='ltr'>μὴν</span> <span class='ocrx_word' id='word_1_89' title='bbox 935 2037 961 2102; x_wconf 75' lang='grc' dir='ltr'><em>εἴ</em></span> <span class='ocrx_word' id='word_1_90' title='bbox 980 2039 1024 2110; x_wconf 79' lang='grc' dir='ltr'>τίς</span> <span class='ocrx_word' id='word_1_91' title='bbox 1047 2038 1084 2118; x_wconf 80' lang='grc' dir='ltr'>γέ</span> <span class='ocrx_word' id='word_1_92' title='bbox 1107 2063 1135 2104; x_wconf 96' lang='grc' dir='ltr'>τι</span> <span class='ocrx_word' id='word_1_93' title='bbox 1159 2041 1239 2120; x_wconf 78' lang='grc' dir='ltr'><em>αὐτῷ</em></span> <span class='ocrx_word' id='word_1_94' title='bbox 1263 2038 1455 2121; x_wconf 76' lang='grc' dir='ltr'><em>προςτθέαντι</em></span> 
     </span>
     <span class='ocr_line' id='line_1_14' title="bbox 340 2150 1452 2234; baseline 0 -17"><span class='ocrx_word' id='word_1_95' title='bbox 340 2157 437 2226; x_wconf 79' lang='grc' dir='ltr'><em>καλῶς</em></span> <span class='ocrx_word' id='word_1_96' title='bbox 462 2151 669 2233; x_wconf 74' lang='grc' dir='ltr'>ὑπηρετήσειεν,</span> <span class='ocrx_word' id='word_1_97' title='bbox 693 2151 780 2216; x_wconf 76' lang='grc' dir='ltr'><em>οὐδενὶ</em></span> <span class='ocrx_word' id='word_1_98' title='bbox 803 2151 920 2216; x_wconf 85' lang='grc' dir='ltr'><em>πθποτε</em></span> <span class='ocrx_word' id='word_1_99' title='bbox 942 2151 1103 2233; x_wconf 80' lang='grc' dir='ltr'><em>οὶχοθμστον</em></span> <span class='ocrx_word' id='word_1_100' title='bbox 1123 2150 1202 2216; x_wconf 81' lang='grc' dir='ltr'><em>εἴασε</em></span> <span class='ocrx_word' id='word_1_101' title='bbox 1221 2152 1273 2225; x_wconf 75' lang='grc' dir='ltr'><em>τὶιν</em></span> <span class='ocrx_word' id='word_1_102' title='bbox 1286 2153 1452 2234; x_wconf 79' lang='grc' dir='ltr'><em>προθυμίαν.</em></span> 
     </span>
    </p>

    <p class='ocr_par' dir='ltr' id='par_1_6' title="bbox 341 2263 1453 2459">
     <span class='ocr_line' id='line_1_15' title="bbox 383 2263 1452 2348; baseline 0 -18"><span class='ocrx_word' id='word_1_103' title='bbox 383 2266 439 2330; x_wconf 86' lang='lat' dir='ltr'>IV.</span> <span class='ocrx_word' id='word_1_104' title='bbox 462 2265 496 2329; x_wconf 87' lang='lat' dir='ltr'>L.</span> <span class='ocrx_word' id='word_1_105' title='bbox 519 2266 544 2347; x_wconf 91' lang='grc' dir='ltr'>Ι,</span> <span class='ocrx_word' id='word_1_106' title='bbox 569 2268 597 2348; x_wconf 90' lang='grc'>9,</span> <span class='ocrx_word' id='word_1_107' title='bbox 622 2267 662 2328; x_wconf 90' lang='grc'>20</span> <span class='ocrx_word' id='word_1_108' title='bbox 686 2264 790 2345; x_wconf 79' lang='grc' dir='ltr'><em>Φθλους</em></span> <span class='ocrx_word' id='word_1_109' title='bbox 809 2289 845 2342; x_wconf 91' lang='grc' dir='ltr'><em>γε</em></span> <span class='ocrx_word' id='word_1_110' title='bbox 863 2264 922 2341; x_wconf 71' lang='grc' dir='ltr'>μὴν</span> <span class='ocrx_word' id='word_1_111' title='bbox 942 2263 1021 2338; x_wconf 78' lang='grc' dir='ltr'><em>ὅσους</em></span> <span class='ocrx_word' id='word_1_112' title='bbox 1043 2267 1192 2340; x_wconf 75' lang='grc' dir='ltr'><em>ποιήσαιτο</em></span> <span class='ocrx_word' id='word_1_113' title='bbox 1205 2265 1452 2344; x_wconf 77' lang='grc' dir='ltr'><em>καὶεύνουςγνοθα</em></span> 
     </span>
     <span class='ocr_line' id='line_1_16' title="bbox 341 2376 1453 2459; baseline 0 -16"><span class='ocrx_word' id='word_1_114' title='bbox 341 2377 442 2450; x_wconf 78' lang='grc' dir='ltr'><em>ὄντας.</em></span> <span class='ocrx_word' id='word_1_115' title='bbox 454 2427 460 2442; x_wconf 94' lang='grc'><strong>.</strong></span> <span class='ocrx_word' id='word_1_116' title='bbox 473 2426 497 2442; x_wconf 90' lang='grc'>..</span> <span class='ocrx_word' id='word_1_117' title='bbox 519 2378 707 2456; x_wconf 71' lang='grc' dir='ltr'>ὁμολογεῖται</span> <span class='ocrx_word' id='word_1_118' title='bbox 720 2379 788 2457; x_wconf 80' lang='grc' dir='ltr'><em>πρὸς</em></span> <span class='ocrx_word' id='word_1_119' title='bbox 800 2377 917 2442; x_wconf 76' lang='grc' dir='ltr'><em>παντων</em></span> <span class='ocrx_word' id='word_1_120' title='bbox 929 2376 1079 2458; x_wconf 81' lang='grc' dir='ltr'><em>κρύτιστος</em></span> <span class='ocrx_word' id='word_1_121' title='bbox 1092 2378 1126 2451; x_wconf 74' lang='lat' dir='ltr'>ti</span> <span class='ocrx_word' id='word_1_122' title='bbox 1139 2377 1271 2456; x_wconf 79' lang='grc' dir='ltr'><em>γενέσθαι</em></span> <span class='ocrx_word' id='word_1_123' title='bbox 1283 2378 1453 2459; x_wconf 85' lang='grc' dir='ltr'><em>θεραπεύειν.</em></span> 
     </span>
    </p>

    <p class='ocr_par' dir='ltr' id='par_1_7' title="bbox 341 2493 1456 2918">
     <span class='ocr_line' id='line_1_17' title="bbox 385 2493 1456 2578; baseline 0.001 -22"><span class='ocrx_word' id='word_1_124' title='bbox 385 2493 487 2556; x_wconf 90' lang='lat' dir='ltr'>Maior</span> <span class='ocrx_word' id='word_1_125' title='bbox 505 2513 577 2577; x_wconf 86' lang='lat' dir='ltr'>pars</span> <span class='ocrx_word' id='word_1_126' title='bbox 595 2493 749 2574; x_wconf 91' lang='lat' dir='ltr'>locorum,</span> <span class='ocrx_word' id='word_1_127' title='bbox 769 2512 850 2575; x_wconf 91' lang='lat' dir='ltr'>quos</span> <span class='ocrx_word' id='word_1_128' title='bbox 869 2494 947 2556; x_wconf 90' lang='lat' dir='ltr'>mihi</span> <span class='ocrx_word' id='word_1_129' title='bbox 959 2512 1146 2557; x_wconf 85' lang='lat' dir='ltr'>enumerare</span> <span class='ocrx_word' id='word_1_130' title='bbox 1160 2495 1319 2578; x_wconf 86' lang='lat' dir='ltr'>proposui,</span> <span class='ocrx_word' id='word_1_131' title='bbox 1331 2493 1456 2578; x_wconf 85' lang='lat' dir='ltr'>egregie</span> 
     </span>
     <span class='ocr_line' id='line_1_18' title="bbox 342 2605 1455 2690; baseline 0 -18"><span class='ocrx_word' id='word_1_132' title='bbox 342 2627 407 2672; x_wconf 90' lang='lat' dir='ltr'>uno</span> <span class='ocrx_word' id='word_1_133' title='bbox 436 2605 580 2690; x_wconf 85' lang='lat' dir='ltr'>exemplo</span> <span class='ocrx_word' id='word_1_134' title='bbox 604 2607 793 2688; x_wconf 89' lang='lat' dir='ltr'>illustratur,</span> <span class='ocrx_word' id='word_1_135' title='bbox 816 2606 902 2690; x_wconf 90' lang='lat' dir='ltr'>quod</span> <span class='ocrx_word' id='word_1_136' title='bbox 924 2609 1073 2672; x_wconf 81' lang='lat' dir='ltr'>novimus</span> <span class='ocrx_word' id='word_1_137' title='bbox 1097 2627 1224 2672; x_wconf 87' lang='lat' dir='ltr'>omnes:</span> <span class='ocrx_word' id='word_1_138' title='bbox 1249 2608 1348 2672; x_wconf 89' lang='lat' dir='ltr'>altera</span> <span class='ocrx_word' id='word_1_139' title='bbox 1370 2610 1455 2672; x_wconf 89' lang='lat' dir='ltr'>enim</span> 
     </span>
     <span class='ocr_line' id='line_1_19' title="bbox 343 2718 1456 2804; baseline 0 -21"><span class='ocrx_word' id='word_1_140' title='bbox 343 2720 520 2804; x_wconf 79' lang='lat' dir='ltr'>syllogismi</span> <span class='ocrx_word' id='word_1_141' title='bbox 542 2739 616 2802; x_wconf 90' lang='lat' dir='ltr'>pars</span> <span class='ocrx_word' id='word_1_142' title='bbox 641 2738 765 2803; x_wconf 87' lang='lat' dir='ltr'>semper</span> <span class='ocrx_word' id='word_1_143' title='bbox 785 2720 941 2803; x_wconf 87' lang='lat' dir='ltr'>particula</span> <span class='ocrx_word' id='word_1_144' title='bbox 959 2718 1019 2796; x_wconf 73' lang='grc' dir='ltr'>μήν</span> <span class='ocrx_word' id='word_1_145' title='bbox 1037 2722 1157 2804; x_wconf 85' lang='lat' dir='ltr'>primae</span> <span class='ocrx_word' id='word_1_146' title='bbox 1176 2720 1362 2784; x_wconf 83' lang='lat' dir='ltr'>adnectitur.</span> <span class='ocrx_word' id='word_1_147' title='bbox 1375 2719 1406 2784; x_wconf 92' lang='lat' dir='ltr'>N</span> <span class='ocrx_word' id='word_1_148' title='bbox 1408 2720 1456 2785; x_wconf 93' lang='lat' dir='ltr'>ul·</span> 
     </span>
     <span class='ocr_line' id='line_1_20' title="bbox 341 2833 1455 2918; baseline -0.001 -20"><span class='ocrx_word' id='word_1_149' title='bbox 341 2834 393 2899; x_wconf 92' lang='lat' dir='ltr'>lus</span> <span class='ocrx_word' id='word_1_150' title='bbox 416 2838 521 2898; x_wconf 86' lang='lat' dir='ltr'>autem</span> <span class='ocrx_word' id='word_1_151' title='bbox 542 2833 632 2897; x_wconf 90' lang='lat' dir='ltr'>locus</span> <span class='ocrx_word' id='word_1_152' title='bbox 655 2833 730 2896; x_wconf 90' lang='lat' dir='ltr'>huic</span> <span class='ocrx_word' id='word_1_153' title='bbox 753 2833 897 2917; x_wconf 87' lang='lat' dir='ltr'>exemplo</span> <span class='ocrx_word' id='word_1_154' title='bbox 917 2839 981 2897; x_wconf 89' lang='lat' dir='ltr'>tam</span> <span class='ocrx_word' id='word_1_155' title='bbox 1002 2833 1096 2917; x_wconf 90' lang='lat' dir='ltr'>plane</span> <span class='ocrx_word' id='word_1_156' title='bbox 1115 2833 1270 2918; x_wconf 85' lang='lat' dir='ltr'>gemellus</span> <span class='ocrx_word' id='word_1_157' title='bbox 1283 2839 1330 2898; x_wconf 91' lang='lat' dir='ltr'>est</span> <span class='ocrx_word' id='word_1_158' title='bbox 1343 2854 1455 2918; x_wconf 91' lang='lat' dir='ltr'>quam:</span> 
     </span>
    </p>

    <p class='ocr_par' dir='ltr' id='par_1_8' title="bbox 342 2943 1462 3254">
     <span class='ocr_line' id='line_1_21' title="bbox 386 2943 1457 3028; baseline 0.001 -19"><span class='ocrx_word' id='word_1_159' title='bbox 386 2947 426 3010; x_wconf 82' lang='lat' dir='ltr'>V.</span> <span class='ocrx_word' id='word_1_160' title='bbox 448 2945 517 3012; x_wconf 87' lang='lat' dir='ltr'>Lib.</span> <span class='ocrx_word' id='word_1_161' title='bbox 539 2946 598 3028; x_wconf 92' lang='grc' dir='ltr'>ΠΙ,</span> <span class='ocrx_word' id='word_1_162' title='bbox 624 2947 652 3028; x_wconf 91' lang='grc'>1,</span> <span class='ocrx_word' id='word_1_163' title='bbox 678 2947 716 3008; x_wconf 81' lang='grc'>17</span> <span class='ocrx_word' id='word_1_164' title='bbox 750 2945 831 3021; x_wconf 72' lang='grc' dir='ltr'><em>ἡμῶν</em></span> <span class='ocrx_word' id='word_1_165' title='bbox 855 2944 881 3008; x_wconf 77' lang='grc' dir='ltr'>δ’</span> <span class='ocrx_word' id='word_1_166' title='bbox 905 2943 997 3017; x_wconf 77' lang='grc' dir='ltr'><em>οὐδεὶς</em></span> <span class='ocrx_word' id='word_1_167' title='bbox 1020 2943 1097 3009; x_wconf 77' lang='grc' dir='ltr'><em>οὐδὲν</em></span> <span class='ocrx_word' id='word_1_168' title='bbox 1119 2945 1358 3022; x_wconf 71' lang='grc' dir='ltr'><em>ἀντεπιμελεῖται</em></span> <span class='ocrx_word' id='word_1_169' title='bbox 1381 2943 1457 3018; x_wconf 82' lang='grc' dir='ltr'><em>ύπιος</em></span> 
     </span>
     <span class='ocr_line' id='line_1_22' title="bbox 343 3057 1462 3140; baseline 0 -16"><span class='ocrx_word' id='word_1_170' title='bbox 343 3062 380 3133; x_wconf 75' lang='grc' dir='ltr'>ὡς</span> <span class='ocrx_word' id='word_1_171' title='bbox 402 3058 552 3124; x_wconf 78' lang='grc' dir='ltr'><em>καλλιστα</em></span> <span class='ocrx_word' id='word_1_172' title='bbox 575 3057 787 3136; x_wconf 69' lang='grc' dir='ltr'><em>ἀγωνιούμεθα·</em></span> <span class='ocrx_word' id='word_1_173' title='bbox 810 3057 861 3121; x_wconf 76' lang='grc' dir='ltr'>καὶ</span> <span class='ocrx_word' id='word_1_174' title='bbox 884 3057 944 3135; x_wconf 70' lang='grc' dir='ltr'>μὴν</span> <span class='ocrx_word' id='word_1_175' title='bbox 964 3058 988 3122; x_wconf 81' lang='grc' dir='ltr'><em>εἰ</em></span> <span class='ocrx_word' id='word_1_176' title='bbox 1006 3057 1181 3140; x_wconf 72' lang='grc' dir='ltr'><em>ὑφησόμεθα</em></span> <span class='ocrx_word' id='word_1_177' title='bbox 1200 3057 1252 3123; x_wconf 72' lang='grc' dir='ltr'>καὶ</span> <span class='ocrx_word' id='word_1_178' title='bbox 1273 3057 1323 3122; x_wconf 76' lang='grc' dir='ltr'>ἐπὶ</span> <span class='ocrx_word' id='word_1_179' title='bbox 1337 3058 1462 3137; x_wconf 79' lang='grc' dir='ltr'><em>βασιλεῖ</em></span> 
     </span>
     <span class='ocr_line' id='line_1_23' title="bbox 342 3165 1457 3254; baseline 0 -18"><span class='ocrx_word' id='word_1_180' title='bbox 342 3173 532 3252; x_wconf 78' lang='grc' dir='ltr'><em>γεννσθμεθα,</em></span> <span class='ocrx_word' id='word_1_181' title='bbox 558 3170 588 3236; x_wconf 80' lang='grc' dir='ltr'>τί</span> <span class='ocrx_word' id='word_1_182' title='bbox 609 3170 724 3248; x_wconf 77' lang='grc' dir='ltr'><em>οἱθμεθα</em></span> <span class='ocrx_word' id='word_1_183' title='bbox 747 3170 911 3245; x_wconf 78' lang='grc' dir='ltr'><em>πεύσεσθαις</em></span> <span class='ocrx_word' id='word_1_184' title='bbox 1036 3173 1066 3254; x_wconf 59' lang='grc' dir='ltr'>(ᾗ</span> <span class='ocrx_word' id='word_1_185' title='bbox 1092 3174 1143 3254; x_wconf 84' lang='grc'>19)</span> <span class='ocrx_word' id='word_1_186' title='bbox 1166 3173 1223 3249; x_wconf 78' lang='grc' dir='ltr'>ἐγὼ</span> <span class='ocrx_word' id='word_1_187' title='bbox 1247 3173 1302 3250; x_wconf 83' lang='grc' dir='ltr'>μὲν</span> <span class='ocrx_word' id='word_1_188' title='bbox 1322 3165 1368 3236; x_wconf 79' lang='grc' dir='ltr'>οὖν</span> <span class='ocrx_word' id='word_1_189' title='bbox 1382 3219 1389 3235; x_wconf 90' lang='grc'><strong>.</strong></span> <span class='ocrx_word' id='word_1_190' title='bbox 1404 3219 1411 3236; x_wconf 92' lang='grc'><strong>.</strong></span> <span class='ocrx_word' id='word_1_191' title='bbox 1426 3220 1457 3237; x_wconf 90' lang='grc'>..</span> 
     </span>
    </p>

    <p class='ocr_par' dir='ltr' id='par_1_9' title="bbox 343 3285 1459 3940">
     <span class='ocr_line' id='line_1_24' title="bbox 387 3285 1455 3370; baseline -0.001 -18"><span class='ocrx_word' id='word_1_192' title='bbox 387 3287 450 3353; x_wconf 84' lang='lat' dir='ltr'>Sed</span> <span class='ocrx_word' id='word_1_193' title='bbox 473 3288 583 3370; x_wconf 82' lang='lat' dir='ltr'>etqui</span> <span class='ocrx_word' id='word_1_194' title='bbox 606 3291 788 3369; x_wconf 89' lang='lat' dir='ltr'>sequuntur</span> <span class='ocrx_word' id='word_1_195' title='bbox 810 3285 953 3350; x_wconf 89' lang='lat' dir='ltr'>eiusdem</span> <span class='ocrx_word' id='word_1_196' title='bbox 975 3287 1101 3370; x_wconf 79' lang='lat' dir='ltr'>generis</span> <span class='ocrx_word' id='word_1_197' title='bbox 1125 3291 1216 3350; x_wconf 90' lang='lat' dir='ltr'>sunt:</span> <span class='ocrx_word' id='word_1_198' title='bbox 1241 3306 1350 3351; x_wconf 91' lang='lat' dir='ltr'>omnes</span> <span class='ocrx_word' id='word_1_199' title='bbox 1371 3288 1455 3351; x_wconf 88' lang='lat' dir='ltr'>enim</span> 
     </span>
     <span class='ocr_line' id='line_1_25' title="bbox 343 3399 1458 3484; baseline -0.002 -18"><span class='ocrx_word' id='word_1_200' title='bbox 343 3403 404 3466; x_wconf 91' lang='lat' dir='ltr'>hoc</span> <span class='ocrx_word' id='word_1_201' title='bbox 433 3399 559 3482; x_wconf 87' lang='lat' dir='ltr'>habent,</span> <span class='ocrx_word' id='word_1_202' title='bbox 584 3399 670 3483; x_wconf 91' lang='lat' dir='ltr'>quod</span> <span class='ocrx_word' id='word_1_203' title='bbox 691 3419 733 3464; x_wconf 83' lang='lat' dir='ltr'>ex</span> <span class='ocrx_word' id='word_1_204' title='bbox 756 3399 951 3464; x_wconf 88' lang='lat' dir='ltr'>orationibus</span> <span class='ocrx_word' id='word_1_205' title='bbox 975 3400 1134 3484; x_wconf 86' lang='lat' dir='ltr'>desumpti</span> <span class='ocrx_word' id='word_1_206' title='bbox 1157 3406 1241 3483; x_wconf 84' lang='lat' dir='ltr'>sunt,</span> <span class='ocrx_word' id='word_1_207' title='bbox 1265 3405 1296 3465; x_wconf 86' lang='lat' dir='ltr'>et</span> <span class='ocrx_word' id='word_1_208' title='bbox 1320 3401 1406 3484; x_wconf 94' lang='lat' dir='ltr'>quod</span> <span class='ocrx_word' id='word_1_209' title='bbox 1429 3402 1458 3465; x_wconf 90' lang='lat' dir='ltr'>is</span> 
     </span>
     <span class='ocr_line' id='line_1_26' title="bbox 344 3513 1458 3599; baseline -0.003 -20"><span class='ocrx_word' id='word_1_210' title='bbox 344 3517 401 3599; x_wconf 92' lang='lat' dir='ltr'>qui</span> <span class='ocrx_word' id='word_1_211' title='bbox 431 3514 528 3579; x_wconf 86' lang='lat' dir='ltr'>verba</span> <span class='ocrx_word' id='word_1_212' title='bbox 560 3513 636 3577; x_wconf 90' lang='lat' dir='ltr'>facit</span> <span class='ocrx_word' id='word_1_213' title='bbox 657 3519 853 3597; x_wconf 84' lang='lat' dir='ltr'>argumenta,</span> <span class='ocrx_word' id='word_1_214' title='bbox 876 3513 995 3597; x_wconf 90' lang='lat' dir='ltr'>quibus</span> <span class='ocrx_word' id='word_1_215' title='bbox 1018 3514 1057 3577; x_wconf 92' lang='lat' dir='ltr'>ad</span> <span class='ocrx_word' id='word_1_216' title='bbox 1081 3533 1210 3578; x_wconf 89' lang='lat' dir='ltr'>causam</span> <span class='ocrx_word' id='word_1_217' title='bbox 1234 3523 1325 3580; x_wconf 88' lang='lat' dir='ltr'>suam</span> <span class='ocrx_word' id='word_1_218' title='bbox 1351 3514 1458 3579; x_wconf 89' lang='lat' dir='ltr'>defen-</span> 
     </span>
     <span class='ocr_line' id='line_1_27' title="bbox 345 3626 1457 3713; baseline 0 -21"><span class='ocrx_word' id='word_1_219' title='bbox 345 3629 479 3693; x_wconf 89' lang='lat' dir='ltr'>dendam</span> <span class='ocrx_word' id='word_1_220' title='bbox 504 3629 615 3709; x_wconf 85' lang='lat' dir='ltr'>utitur,</span> <span class='ocrx_word' id='word_1_221' title='bbox 637 3628 792 3711; x_wconf 86' lang='lat' dir='ltr'>particula</span> <span class='ocrx_word' id='word_1_222' title='bbox 813 3626 873 3704; x_wconf 80' lang='grc' dir='ltr'>μθν</span> <span class='ocrx_word' id='word_1_223' title='bbox 895 3630 979 3692; x_wconf 87' lang='lat' dir='ltr'>inter</span> <span class='ocrx_word' id='word_1_224' title='bbox 1003 3631 1170 3713; x_wconf 87' lang='lat' dir='ltr'>seiungit</span> <span class='ocrx_word' id='word_1_225' title='bbox 1194 3629 1318 3694; x_wconf 87' lang='lat' dir='ltr'>Primos</span> <span class='ocrx_word' id='word_1_226' title='bbox 1341 3648 1457 3713; x_wconf 86' lang='lat' dir='ltr'>ponam</span> 
     </span>
     <span class='ocr_line' id='line_1_28' title="bbox 344 3740 1458 3826; baseline 0 -20"><span class='ocrx_word' id='word_1_227' title='bbox 344 3748 408 3806; x_wconf 87' lang='lat' dir='ltr'>tres</span> <span class='ocrx_word' id='word_1_228' title='bbox 429 3742 525 3823; x_wconf 91' lang='lat' dir='ltr'>locos,</span> <span class='ocrx_word' id='word_1_229' title='bbox 547 3740 604 3804; x_wconf 91' lang='lat' dir='ltr'>ubi</span> <span class='ocrx_word' id='word_1_230' title='bbox 623 3760 675 3805; x_wconf 90' lang='lat' dir='ltr'>res</span> <span class='ocrx_word' id='word_1_231' title='bbox 693 3741 936 3824; x_wconf 86' lang='lat' dir='ltr'>demonstratur,</span> <span class='ocrx_word' id='word_1_232' title='bbox 955 3741 1100 3821; x_wconf 79' lang='lat' dir='ltr'>bipartito</span> <span class='ocrx_word' id='word_1_233' title='bbox 1121 3741 1231 3826; x_wconf 84' lang='lat' dir='ltr'>divisa,</span> <span class='ocrx_word' id='word_1_234' title='bbox 1243 3742 1341 3807; x_wconf 86' lang='lat' dir='ltr'>altera</span> <span class='ocrx_word' id='word_1_235' title='bbox 1353 3747 1458 3806; x_wconf 87' lang='lat' dir='ltr'>autem</span> 
     </span>
     <span class='ocr_line' id='line_1_29' title="bbox 344 3853 1459 3940; baseline 0 -22"><span class='ocrx_word' id='word_1_236' title='bbox 344 3875 418 3940; x_wconf 90' lang='lat' dir='ltr'>pars</span> <span class='ocrx_word' id='word_1_237' title='bbox 441 3853 501 3931; x_wconf 83' lang='grc' dir='ltr'>μθν</span> <span class='ocrx_word' id='word_1_238' title='bbox 520 3860 682 3939; x_wconf 82' lang='lat' dir='ltr'>tamquam</span> <span class='ocrx_word' id='word_1_239' title='bbox 703 3855 869 3920; x_wconf 90' lang='lat' dir='ltr'>vinculum</span> <span class='ocrx_word' id='word_1_240' title='bbox 888 3854 990 3937; x_wconf 87' lang='lat' dir='ltr'>habet,</span> <span class='ocrx_word' id='word_1_241' title='bbox 1003 3876 1066 3939; x_wconf 92' lang='lat' dir='ltr'>qua</span> <span class='ocrx_word' id='word_1_242' title='bbox 1078 3856 1262 3920; x_wconf 88' lang='lat' dir='ltr'>cumaltera</span> <span class='ocrx_word' id='word_1_243' title='bbox 1274 3856 1459 3940; x_wconf 89' lang='lat' dir='ltr'>copuletur:</span> 
     </span>
    </p>

    <p class='ocr_par' dir='ltr' id='par_1_10' title="bbox 344 3967 1460 4390">
     <span class='ocr_line' id='line_1_30' title="bbox 390 3967 1460 4054; baseline 0.003 -24"><span class='ocrx_word' id='word_1_244' title='bbox 390 3968 445 4031; x_wconf 84' lang='lat' dir='ltr'>VI.</span> <span class='ocrx_word' id='word_1_245' title='bbox 468 3967 602 4033; x_wconf 88' lang='lat' dir='ltr'>Dixerat</span> <span class='ocrx_word' id='word_1_246' title='bbox 631 3967 800 4032; x_wconf 81' lang='lat' dir='ltr'>Clearchus</span> <span class='ocrx_word' id='word_1_247' title='bbox 835 3975 972 4050; x_wconf 87' lang='lat' dir='ltr'>,nostra</span> <span class='ocrx_word' id='word_1_248' title='bbox 1002 3971 1134 4033; x_wconf 82' lang='lat' dir='ltr'>interest</span> <span class='ocrx_word' id='word_1_249' title='bbox 1155 3969 1398 4054; x_wconf 77' lang='lat' dir='ltr'>Tissaphernes!</span> <span class='ocrx_word' id='word_1_250' title='bbox 1423 3974 1460 4033; x_wconf 88' lang='lat' dir='ltr'>ut</span> 
     </span>
     <span class='ocr_line' id='line_1_31' title="bbox 346 4082 1455 4168; baseline -0.002 -21"><span class='ocrx_word' id='word_1_251' title='bbox 346 4087 377 4147; x_wconf 85' lang='lat' dir='ltr'>te</span> <span class='ocrx_word' id='word_1_252' title='bbox 400 4084 502 4146; x_wconf 88' lang='lat' dir='ltr'>amico</span> <span class='ocrx_word' id='word_1_253' title='bbox 527 4082 675 4146; x_wconf 89' lang='lat' dir='ltr'>utamur”</span> <span class='ocrx_word' id='word_1_254' title='bbox 698 4082 795 4166; x_wconf 89' lang='lat' dir='ltr'>idque</span> <span class='ocrx_word' id='word_1_255' title='bbox 818 4083 926 4147; x_wconf 88' lang='lat' dir='ltr'>multis</span> <span class='ocrx_word' id='word_1_256' title='bbox 949 4085 1145 4168; x_wconf 81' lang='lat' dir='ltr'>argumentis</span> <span class='ocrx_word' id='word_1_257' title='bbox 1170 4083 1455 4149; x_wconf 87' lang='lat' dir='ltr'>demonstraverat:</span> 
     </span>
     <span class='ocr_line' id='line_1_32' title="bbox 346 4191 1457 4281; baseline -0.001 -22"><span class='ocrx_word' id='word_1_258' title='bbox 346 4196 459 4261; x_wconf 82' lang='lat' dir='ltr'>deinde</span> <span class='ocrx_word' id='word_1_259' title='bbox 480 4198 582 4281; x_wconf 82' lang='lat' dir='ltr'>pergit</span> <span class='ocrx_word' id='word_1_260' title='bbox 605 4195 657 4278; x_wconf 88' lang='grc' dir='ltr'>(ΙΙ,</span> <span class='ocrx_word' id='word_1_261' title='bbox 682 4199 710 4278; x_wconf 87' lang='grc'>5,</span> <span class='ocrx_word' id='word_1_262' title='bbox 735 4197 803 4276; x_wconf 75' lang='lat' dir='ltr'>tlt:</span> <span class='ocrx_word' id='word_1_263' title='bbox 828 4194 911 4258; x_wconf 82' lang='grc' dir='ltr'><em>οὶλλθι</em></span> <span class='ocrx_word' id='word_1_264' title='bbox 934 4196 994 4272; x_wconf 71' lang='grc' dir='ltr'>μὴν</span> <span class='ocrx_word' id='word_1_265' title='bbox 1017 4196 1066 4275; x_wconf 79' lang='grc' dir='ltr'>ἐρῶ</span> <span class='ocrx_word' id='word_1_266' title='bbox 1089 4193 1263 4260; x_wconf 77' lang='grc' dir='ltr'><em>καὶταῦτα</em></span> <span class='ocrx_word' id='word_1_267' title='bbox 1286 4193 1320 4270; x_wconf 80' lang='grc' dir='ltr'>ἐξ</span> <span class='ocrx_word' id='word_1_268' title='bbox 1342 4191 1377 4260; x_wconf 77' lang='grc' dir='ltr'>ὧν</span> <span class='ocrx_word' id='word_1_269' title='bbox 1397 4193 1457 4276; x_wconf 80' lang='grc' dir='ltr'><em>ἕχον</em></span> 
     </span>
     <span class='ocr_line' id='line_1_33' title="bbox 344 4301 1128 4390; baseline 0.001 -18"><span class='ocrx_word' id='word_1_270' title='bbox 344 4307 472 4382; x_wconf 76' lang='grc' dir='ltr'><em>ἐλπίδας</em></span> <span class='ocrx_word' id='word_1_271' title='bbox 494 4307 544 4372; x_wconf 74' lang='grc' dir='ltr'>καὶ</span> <span class='ocrx_word' id='word_1_272' title='bbox 567 4309 599 4372; x_wconf 86' lang='grc' dir='ltr'>σὲ</span> <span class='ocrx_word' id='word_1_273' title='bbox 622 4307 815 4387; x_wconf 72' lang='grc' dir='ltr'><em>βουλήσεσθαι</em></span> <span class='ocrx_word' id='word_1_274' title='bbox 838 4307 923 4390; x_wconf 83' lang='grc' dir='ltr'><em>φθλον</em></span> <span class='ocrx_word' id='word_1_275' title='bbox 947 4307 1020 4386; x_wconf 75' lang='grc' dir='ltr'><em>ἡμῖν</em></span> <span class='ocrx_word' id='word_1_276' title='bbox 1047 4301 1128 4373; x_wconf 81' lang='grc' dir='ltr'><em>εἶναι.</em></span> 
     </span>
    </p>
   </div>
   <div class='ocr_carea' id='block_1_3' title="bbox 0 0 1696 5268">
    <p class='ocr_par' dir='ltr' id='par_1_11' title="bbox 0 0 1696 5268">
     <span class='ocr_line' id='line_1_34' title="bbox 0 0 1696 5268; baseline 0 0"><span class='ocrx_word' id='word_1_277' title='bbox 0 0 1696 5268; x_wconf 95' lang='lat' dir='ltr'> </span> 
     </span>
    </p>
   </div>
  </div>
 </body>
</html>
