3354 5268
898 589 939 650 22

362 770 406 854 (L
429 771 470 850 Π,
494 772 523 853 6,
547 772 578 855 4)
603 771 679 836 alibi
702 774 857 856 scriptum
881 791 951 837 esse
974 771 1140 856 significat,
1161 773 1279 856 quibus
1300 775 1476 841 rationibus

363 882 467 965 Cyrus
492 883 642 948 Clearcho
664 886 859 968 persuaserit
882 890 918 949 ut
940 903 974 948 se
995 885 1206 949 comitaretur,
1225 885 1349 950 Verum
1369 889 1483 972 siquis

362 998 395 1059 in
421 1016 487 1060 uno
511 999 640 1062 nomine
664 999 714 1062 vel
739 1017 883 1080 numero,
906 997 957 1063 vel
979 1017 1191 1082 quaecunque
1203 998 1345 1063 ciusdem
1358 1003 1485 1084 generis

363 1115 449 1191 sunt,
478 1110 645 1174 afferendis
668 1111 766 1175 alium
791 1112 951 1195 quendam
975 1116 1088 1175 testem
1112 1110 1249 1193 adhibet,
1275 1112 1364 1175 nulla
1388 1132 1487 1177 causa

364 1227 420 1298 est,
444 1224 616 1305 quominus
635 1225 741 1307 ipsum
762 1225 980 1287 testimonium
1000 1222 1166 1287 adscribat.
1180 1223 1395 1288 certissimam
1409 1245 1483 1310 ergo

364 1332 473 1397 Cobeti
497 1335 750 1399 emendationem
775 1354 845 1399 esse
867 1335 991 1398 iudico:
1014 1335 1145 1407 Κτησίας
1164 1333 1287 1412 λεγέτω·
1307 1337 1376 1416 παρ’
1390 1337 1484 1417 ἐκείνῳ

364 1445 421 1523 γὰρ
451 1441 492 1520 ἦν.
525 1447 614 1512 Haec
644 1449 730 1512 enim
760 1447 856 1512 verba
879 1453 956 1512 sunt
979 1448 1049 1512 eius
1072 1449 1137 1531 qui,
1162 1448 1240 1531 qnid
1265 1448 1392 1531 scribat,
1414 1452 1484 1534 ipse

363 1562 527 1645 intelligat.
550 1561 624 1625 Tam
650 1567 756 1626 autem
781 1564 960 1626 necessaria
983 1563 1060 1625 mihi
1084 1581 1120 1626 ea
1144 1563 1322 1626 emendatio
1351 1563 1486 1647 videtur,

365 1678 401 1738 ut
431 1692 468 1737 ea
489 1693 540 1737 me
564 1693 629 1737 non
654 1675 762 1738 minus
785 1681 870 1738 recte
894 1676 943 1738 uti
967 1693 1060 1758 posse
1083 1674 1209 1738 credam
1239 1674 1278 1739 ad
1302 1675 1397 1738 aliam
1419 1695 1487 1740 rem

365 1787 653 1868 demonstrandam,
691 1807 787 1871 quam
821 1789 848 1850 si
871 1789 915 1851 ita
937 1789 970 1850 in
995 1787 1122 1870 optimis
1147 1786 1309 1851 codicibus
1332 1789 1487 1872 scriptum

365 1900 568 1963 invenissem.
605 1898 688 1974 Quid
721 1906 827 1964 autem
853 1919 870 1964 c
896 1899 1002 1964 verbis
1026 1897 1156 1971 Κτησίας
1179 1897 1290 1976 λεγέτω
1314 1902 1486 1985 sequitur?

365 2013 407 2077 Et
429 2011 676 2096 Xenophontem
702 2015 808 2097 ipsum
833 2033 907 2078 eum
933 2032 1103 2078 numerum
1127 2015 1285 2096 ignorare,
1310 2019 1341 2076 et
1367 2011 1487 2078 Ctesioc

366 2124 478 2189 librum
504 2126 539 2188 in
563 2125 630 2188 eius
651 2146 775 2209 monus,
797 2147 896 2206 qaum
918 2125 1078 2207 scribebat,
1100 2125 1241 2189 uoudacm
1261 2126 1438 2204 pervenisse
1450 2126 1482 2208 1).

367 2238 568 2302 Contrarium
594 2259 667 2303 voro
691 2259 733 2304 ex
757 2240 917 2304 alterode
940 2238 1044 2304 Ctesia
1063 2239 1133 2303 loeo
1153 2240 1363 2303 demonstrari
1374 2245 1485 2323 potest

366 2351 417 2415 Ibi
441 2353 525 2415 enim
551 2358 713 2435 tamquam
734 2372 776 2417 ex
799 2353 881 2416 libro
901 2354 962 2416 iam
983 2354 1100 2435 scripto
1121 2356 1152 2416 et
1171 2352 1255 2416 edito
1267 2353 1486 2416 testimonium

367 2465 503 2529 affertur.
537 2464 654 2528 Tamen
691 2471 723 2529 et
756 2486 792 2530 ea
824 2465 920 2529 verba
949 2467 993 2529 ita
1023 2465 1277 2548 aXenophonte
1301 2464 1397 2528 scribi
1420 2485 1485 2528 non

367 2577 518 2661 potuisse,
552 2579 609 2640 vix
645 2580 816 2661 quisquam
852 2578 987 2661 negabit.
1026 2576 1117 2652 Quod
1152 2597 1226 2641 vero
1263 2576 1401 2641 Oobetus
1436 2578 1487 2641 hic

367 2708 496 2773 quoqne
528 2691 748 2753 emendatione
772 2710 854 2773 opus
878 2709 947 2754 osse
970 2695 1087 2772 censet,
1109 2692 1144 2752 in
1167 2709 1204 2753 eo
1227 2691 1324 2753 liceat
1345 2689 1423 2753 mihi
1446 2689 1486 2754 ab

367 2822 404 2867 eo
437 2803 614 2866 dissentire.
646 2801 727 2866 Nam
765 2804 890 2867 etiamsi
922 2803 1008 2886 quod
1033 2802 1170 2866 Gobetus
1193 2803 1264 2866 vult
1287 2803 1431 2885 legamus
1455 2800 1485 2872 ὃς

368 2914 419 2980 aad
445 2913 581 2979 intractu
604 2915 692 2985 ardrie
716 2915 748 2979 rb
771 2914 893 2993 spondaei
915 2919 990 2994 <incr
1009 2935 1066 2999 pro
1086 2914 1136 2978 καὶ
1149 2913 1344 2983 tardauerat
1357 2937 1383 2976 r.
1398 2936 1424 2976 τ.
1439 2920 1486 2992 Φ.,

369 3037 473 3094 tamen
497 3029 558 3092 aha
582 3030 682 3093 multo
707 3031 807 3092 maior
829 3029 973 3092 molestia
997 3033 1104 3110 restat,
1128 3028 1214 3112 quod
1238 3028 1301 3091 dno
1322 3027 1361 3091 de
1385 3026 1488 3092 Ctesia

368 3145 430 3206 loci
453 3145 536 3206 inter
558 3161 591 3206 se
615 3148 743 3206 certant.
763 3142 891 3205 Etenim
913 3141 1009 3206 verba
1029 3162 1048 3205 a
1069 3140 1343 3206 Cobetorestituta
1356 3139 1488 3212 Κτησίας

369 3253 479 3332 λεγέτω
504 3255 682 3338 significare
705 3255 863 3335 videntur,
882 3253 1127 3338 Xenophontem
1151 3253 1272 3318 Ctesiae
1292 3252 1407 3315 librum
1423 3272 1487 3316 non

370 3369 558 3451 inspexisse,
588 3368 685 3430 verba
715 3365 811 3429 ἰᾶσθαι
843 3367 906 3446 (vel
937 3364 1084 3447 intractus)
1108 3365 1195 3436 αὐτὸς
1220 3388 1247 3428 r.
1261 3387 1289 3428 τ.
1303 3370 1338 3443 φ.
1364 3370 1488 3428 contra·

371 3483 455 3544 rium
487 3480 711 3544 demonstrant.
736 3477 859 3542 Deinde
883 3499 961 3543 num
987 3485 1051 3543 tarn
1075 3479 1239 3563 negligens
1265 3479 1400 3561 scriptor
1422 3477 1488 3541 Xe·

371 3595 499 3677 nophon
524 3597 580 3674 est,
603 3597 647 3672 ut,
669 3596 838 3675 postquam
862 3593 926 3655 iam
946 3592 1071 3674 dixerit,
1085 3591 1220 3655 Ctesiam
1242 3592 1348 3674 ipsum
1360 3609 1489 3654 narrare

372 3728 405 3772 se
438 3706 534 3789 Regis
569 3705 689 3768 uulnus
723 3724 861 3786 curasse,
893 3707 997 3769 statim
1031 3703 1193 3768 subiiciat:
1230 3703 1378 3784 „Ctesias
1402 3705 1486 3767 enim

372 3820 455 3903 apud
478 3818 596 3902 Regem
620 3816 731 3881 erat”?
755 3817 920 3882 Postremo
944 3837 1048 3900 neque
1071 3818 1130 3880 hoc
1152 3818 1379 3901 negligendum
1400 3816 1488 3879 vide·

372 3940 433 4008 tur,
469 3933 601 3996 verbum
636 3930 733 3994 raca
768 3931 818 3993 hic
849 3931 930 3994 male
960 3930 1118 3994 adhiberi:
1151 3935 1188 3993 ut
1210 3931 1295 3994 enim
1318 3948 1359 3993 ex
1382 3929 1489 3993 addito

372 4099 517 4110 ...----

407 4203 435 4268 t)
454 4202 648 4253 Observandum
664 4205 703 4251 est
720 4200 897 4263 Plutarchum,
912 4200 957 4263 qui
975 4200 1063 4250 Artax.
1079 4196 1112 4248 13
1129 4199 1288 4250 contrarium
1306 4197 1489 4263 affirmat,iam

376 4295 472 4350 vitiosis
491 4291 667 4362 Xenophontis
682 4291 755 4346 libris
772 4305 851 4344 usum
867 4304 929 4344 esse.
