3352 5260
891 669 931 731 92

358 857 448 920 stitni
471 873 565 939 posse
588 853 692 936 oredo,
718 873 815 938 quum
840 852 974 916 delendo
999 852 1096 918 verbu
1117 853 1146 916 ἕν
1169 853 1274 933 ρ’νθμῷ.
1295 853 1369 918 Non
1387 856 1481 919 oredo

357 968 515 1032 Graecum
538 987 608 1032 esse
631 967 718 1051 quod
744 967 762 1048 ξ
789 967 830 1029 22
856 966 989 1050 legitur:
1013 963 1064 1029 καί
1089 965 1122 1030 τὸ
1145 963 1210 1046 ὄναρ
1235 965 1270 1038 δὴ
1294 967 1354 1030 οίπὸ
1378 966 1480 1031 τούτου

355 1084 406 1145 τοῦ
437 1081 498 1144 θεοῦ
528 1077 657 1158 ἕνθμιζεν
682 1077 826 1158 ἑορακέναι
851 1077 864 1142 ὃ
887 1071 965 1141 εἶδεν
988 1074 1036 1141 ὅτε
1059 1075 1167 1157 ἤρχετο
1190 1077 1239 1143 ἐπὶ
1264 1079 1297 1143 τὸ
1319 1101 1478 1157 συνεπιμε-

357 1195 470 1258 λεῖσθαι
499 1199 552 1265 τῆς
583 1195 723 1272 στρατιᾶς
754 1191 957 1256 καθίστασθαι.
989 1190 1250 1275 Expungondum
1283 1193 1368 1256 enim
1395 1190 1480 1257 esth

357 1300 440 1371 εἶδεν.
473 1305 555 1370 Nam
586 1305 706 1371 Graeco
734 1305 767 1369 πὸ
789 1301 854 1384 θναρ
877 1303 938 1368 οὶπθ
960 1307 1012 1367 ποῦ
1037 1303 1105 1374 Διθς
1129 1301 1232 1384 ἕθριικα
1254 1305 1338 1370 idom
1363 1313 1421 1388 est,
1446 1326 1482 1370 ac

358 1421 386 1485 si
410 1420 513 1484 dicas:
537 1419 569 1481 σθ
592 1415 668 1498 θιαρ,
693 1415 706 1481 ὃ
730 1417 834 1498 ἑόρακα
856 1416 916 1480 οίπθ
939 1421 990 1481 ποῦ
1015 1416 1083 1488 Διὸς
1107 1410 1150 1489 ἦν.

401 1533 588 1597 Ridiculum
621 1532 700 1596 mihi
736 1531 864 1595 videtur
898 1531 985 1614 quod
1017 1536 1066 1594 est
1097 1531 1115 1612 ξ
1150 1533 1209 1593 23;
1241 1529 1282 1593 ric
1312 1529 1370 1611 γὰρ
1401 1529 1482 1612 θρνεα

358 1643 495 1724 μάλιστα
519 1643 692 1709 ἐπιτίθεσθαι
716 1644 757 1723 τῷ
781 1643 857 1724 οίεπῷ
876 1641 1040 1724 καθημένῳ.
1062 1642 1264 1728 Quamquam
1287 1647 1371 1709 enim
1386 1645 1483 1710 Grae-

358 1780 469 1825 corum
493 1759 671 1844 zoologiam
695 1777 760 1821 non
785 1758 895 1840 calleo,
918 1763 1025 1822 tamen
1049 1758 1109 1822 hoc
1132 1777 1189 1842 pro
1215 1765 1301 1823 corto
1324 1758 1483 1823 offirmare

358 1873 471 1955 audeo,
493 1892 548 1936 eos
572 1871 698 1956 aquilas
721 1871 761 1934 ad
785 1889 860 1934 avos
883 1870 1053 1934 rettulisse.
1076 1871 1145 1935 Aut
1164 1890 1239 1955 ergo
1259 1868 1338 1952 θρνεα
1351 1891 1482 1956 corrup-

358 1995 427 2050 tum
454 1990 511 2068 est,
535 1989 592 2049 aut
615 1983 797 2048 addendum
819 1983 1013 2047 adiectivum
1037 1979 1128 2046 ἄλλα.

401 2099 426 2181 Ι,
451 2099 501 2162 30.
525 2098 643 2162 Mthes
665 2099 700 2160 in
724 2117 761 2161 eo
785 2103 861 2161 sunt
882 2102 919 2161 ut
937 2117 1100 2161 summum
1119 2099 1291 2181 imperium
1311 2098 1350 2161 ad
1372 2098 1482 2163 Xeno·
1548 2137 1551 2142 -

359 2213 509 2297 phontem
543 2211 699 2276 deferant:
736 2211 790 2274 ille
821 2230 896 2275 vero
930 2230 964 2275 se
994 2230 1057 2274 non
1082 2218 1298 2294 accepturum·
1314 2212 1482 2296 significat,

360 2325 447 2409 quod
481 2330 613 2407 metuat,
646 2343 687 2388 ne
721 2323 868 2408 Spartani
899 2343 967 2388 eam
998 2343 1065 2388 rem
1096 2327 1237 2408 graviter
1263 2324 1375 2389 ferant.
1407 2325 1481 2389 Non

360 2444 467 2504 movet
489 2439 549 2503 hoc
572 2442 798 2523 argumentum
823 2443 944 2502 ceteros
968 2438 1065 2501 ducos
1089 2438 1279 2522 militesque,
1299 2457 1340 2502 ox
1362 2438 1482 2523 quibus

360 2553 496 2636 Agusius
520 2551 739 2635 Stymphaliae
762 2550 936 2614 ridiculum
956 2550 1017 2615 sibi
1036 2552 1135 2615 istum
1147 2558 1269 2616 metum
1281 2552 1384 2616 videri
1396 2553 1482 2635 dicit,

360 2671 530 2750 rogatque:
562 2662 578 2737 ἢ
610 2665 769 2744 ὀργιοῦνται
801 2660 1025 2740 Λακεδαιμόνιοι
1049 2661 1101 2727 καί
1124 2664 1174 2728 ε’θιν
1197 2662 1355 2728 σύνδειπνοι
1378 2679 1481 2728 συνελ-

361 2778 455 2852 θθνπες
482 2777 526 2854 μίρ
550 2775 780 2853 Λακεδαιμθνιον
803 2775 1025 2856 συμποσίαρχον
1049 2776 1201 2856 triphosam
1223 2777 1297 2841 Non
1320 2777 1422 2862 fingit,
1445 2786 1482 2842 ut

361 2895 483 2977 opinor,
505 2893 650 2976 Agusius,
674 2889 812 2954 Graecos
836 2889 992 2974 quosdam
1012 2891 1155 2954 eiusdem
1175 2891 1285 2974 populi
1298 2890 1479 2954 odooenam

361 3006 540 3086 convenire,
563 3005 619 3069 sed
643 3005 763 3067 mixtos
785 3022 827 3067 ex
851 3003 1114 3084 Atheniensibus
1132 3002 1306 3086 Spartanis,
1322 3002 1480 3067 Thebanis

361 3121 550 3204 ceterisque·
581 3137 748 3202 quumque
778 3122 889 3182 utatur
917 3117 1026 3181 futuro
1057 3117 1226 3200 opprobium,
1250 3117 1400 3181 credibile
1423 3122 1480 3200 est,

362 3252 437 3297 eum
470 3235 576 3316 ipsum
613 3231 807 3296 Graecorum
842 3233 1018 3296 exercitum
1049 3233 1083 3294 in
1107 3234 1215 3295 animo
1238 3232 1363 3315 habere,
1387 3235 1481 3297 cuius

361 3365 449 3409 nuno
483 3345 523 3408 ad
556 3343 803 3428 Xenophontem
840 3343 979 3408 defertur
1013 3345 1191 3428 imperium.
1224 3344 1376 3428 Suspicor
1406 3365 1480 3430 orgo

361 3458 532 3541 legendum
557 3476 626 3521 osse
649 3455 803 3539 αἱρώμεθα,
826 3459 962 3540 vitiique
984 3458 1138 3541 originem
1162 3457 1238 3521 inde
1257 3463 1374 3542 repeto,
1394 3461 1482 3543 quod

364 3571 570 3636 Grammatici
603 3570 796 3634 vocabulum
826 3568 994 3654 σύνδειπνοι,
1025 3570 1111 3654 quod
1142 3572 1351 3654 appositionis
1373 3571 1479 3635 locum

362 3684 492 3766 obtinet,
516 3683 696 3748 subiectum
719 3691 789 3748 esso
811 3685 1002 3768 putaverint.

407 3796 439 3860 Ο.
473 3797 515 3880 Π,
553 3798 593 3860 13
607 3817 653 3881 sq.
685 3795 810 3880 Septem
844 3796 957 3860 diebus
987 3803 1157 3881 postquam
1187 3798 1227 3861 ad
1258 3796 1481 3882 Chirisophum

363 3930 525 3974 summum
548 3911 718 3994 imperium
739 3909 879 3973 delatum
901 3916 957 3992 est,
969 3911 1089 3974 Achaei
1109 3911 1481 3996 Arcadesqueareliquo

362 4025 504 4088 exercitu
529 4024 690 4105 secedunt,
711 4023 884 4106 decemque
904 4023 965 4086 sibi
988 4025 1084 4088 duces
1103 4031 1220 4088 creent.
1241 4028 1371 4104 Ξενοφῶν
1383 4024 1482 4102 μέντοι

361 4133 498 4212 ἐβούλετο
521 4143 596 4216 κοινῇ
621 4136 689 4213 μετ’
712 4137 809 4199 αὐτῶν
832 4135 885 4208 πίον
908 4135 1020 4215 πορείαν
1042 4136 1188 4200 ποιεῖσθαι.
1213 4136 1276 4199 Pro
1296 4136 1364 4212 μετ’
1385 4137 1481 4199 αὐτῶν

362 4247 493 4331 Hugius
516 4249 616 4313 edidit
638 4247 719 4325 μεπθι
741 4252 796 4311 τῶν
820 4247 988 4331 μειιοίντων,
1011 4250 1196 4330 rectissime,
1215 4255 1253 4311 ut
1272 4250 1400 4332 opinor;
1421 4249 1482 4312 hoc

364 4361 449 4424 enim
474 4362 544 4445 ipsa
566 4363 704 4428 namatio
728 4362 873 4446 postulat.
901 4362 1082 4450 Xenophon
1101 4381 1175 4450 ergo
1195 4362 1292 4426 simul
1312 4382 1386 4428 cum
1399 4363 1482 4432 mili-
