3354 5268
908 594 949 656 74

365 779 382 854 ἢ
406 777 484 860 dana
508 777 564 843 τινὶ
587 776 704 858 οὶνοόγκρ
731 776 923 858 κατεχόμενοι
945 785 1061 859 παρεῖεν
1081 778 1169 856 αὐτῷ,
1184 775 1299 859 ababa
1311 776 1489 858 πειθομένοις

366 895 482 973 ἐχρῆτο.
517 892 583 956 Vix
619 913 699 976 opus
731 899 780 957 est
808 898 845 956 ut
874 893 1097 973 demonstrem,
1117 893 1195 956 haec
1223 912 1300 956 sana
1323 911 1393 957 esse
1416 913 1487 956 non

367 1026 476 1090 posse;
511 1007 616 1070 locum
652 1008 792 1070 indicare
827 1008 903 1070 satis
938 1013 993 1070 est.
1029 1004 1113 1081 Quid
1147 1007 1231 1070 enim
1267 1013 1314 1070 est
1346 1005 1401 1069 ὑπὸ
1432 1010 1488 1070 τοῦ

367 1120 476 1184 δεῖσθαι
500 1117 683 1197 τεταγμένοι,
710 1120 787 1204 quid
812 1118 866 1182 ὑπό
890 1123 940 1182 τοῦ
964 1118 1074 1182 δεῖοόοιι
1094 1119 1312 1199 κατεχόμενοιῖ
1333 1120 1415 1184 Nam
1427 1127 1489 1185 aut

366 1253 440 1298 com
476 1231 660 1314 τεταγμένοι,
695 1240 751 1297 aut
784 1253 858 1297 cum
889 1231 1083 1311 κατεχόμενοι
1113 1233 1200 1297 istud
1224 1232 1489 1297 detractandae

366 1348 458 1431 iungi
489 1347 589 1410 debet.
620 1347 673 1409 An
705 1346 785 1410 forto
817 1344 872 1409 ὑπὸ
896 1349 945 1408 τοῦ
970 1345 1079 1408 δεῖοόαι
1101 1351 1236 1424 παρῆσαν
1259 1346 1339 1424 αὐτῷ
1364 1346 1489 1430 signifi-

366 1480 438 1526 care
471 1468 582 1544 potest,
619 1461 704 1543 quod
737 1458 912 1523 Ktihnerus
944 1459 1021 1536 vult,
1052 1445 1216 1542 ,egestate
1247 1460 1377 1523 adducti
1409 1479 1489 1524 cum

367 1573 519 1638 Clearcho
542 1572 676 1637 erant’?
701 1571 763 1636 Ubi
784 1575 879 1655 enim,
903 1571 1042 1653 obsecro,
1065 1569 1168 1648 δέομαι
1192 1573 1350 1657 significat
1374 1622 1389 1654 „
1401 1576 1436 1636 in
1451 1593 1489 1638 re

368 1693 504 1772 angusta
538 1687 624 1751 domi
658 1685 777 1751 sum’'?
808 1685 893 1762 Quid
925 1691 1029 1750 tamen
1061 1685 1243 1770 Xenophon
1267 1689 1427 1770 scripserit
1450 1690 1489 1750 in

368 1800 507 1865 tenebris
530 1801 623 1864 latet:
645 1801 705 1864 hoo
727 1819 828 1864 unum
853 1800 931 1863 mihi
953 1804 1075 1863 certum
1096 1799 1231 1883 videtur,
1250 1820 1267 1864 e
1286 1801 1490 1884 praecedenti

369 1914 423 1977 ὑπὸ
447 1913 557 1984 πόλεως
582 1916 695 1978 vitium
719 1919 829 1978 natum
855 1932 932 1977 esse.

412 2027 469 2109 Vi,
501 2028 541 2090 22
571 2024 621 2089 ε’πῖ
651 2026 682 2090 δὲ
711 2027 744 2090 τὸ
774 2024 1002 2107 κατεργάζεσθαι
1027 2021 1063 2089 ὧν
1086 2026 1234 2103 ἐπιθυμοίη
1259 2025 1490 2103 συντομωτάτην

369 2141 438 2220 ᾤετο
467 2137 529 2203 ὁδὸν
560 2133 630 2202 εἶναι
659 2138 707 2203 tea
729 2144 780 2203 τοῦ
804 2140 936 2219 ἐπιορκεῖν
958 2139 1019 2202 κτὲ.
1045 2139 1151 2204 Verba
1175 2137 1401 2216 corroborabat
1424 2138 1489 2203 ὁδόν

369 2253 540 2338 praedicati
570 2254 677 2317 locum
707 2253 867 2317 obtinent:
902 2272 942 2316 ne
965 2272 1038 2337 ergo
1063 2254 1242 2318 subiectum
1265 2254 1354 2337 desit,
1378 2254 1488 2338 legen-

371 2366 446 2429 dum
471 2373 534 2431 est:
559 2365 626 2438 τὴν
651 2363 699 2428 διόι
721 2369 772 2429 τοῦ
795 2365 936 2445 ἐπιορκεῖν.

370 2465 373 2471 ’
414 2478 470 2559 VI,
494 2481 536 2542 24
566 2478 671 2542 Verba
691 2477 732 2541 τόν
755 2477 785 2541 δὲ
808 2481 864 2540 τοῖν
888 2477 982 2557 Φόλον
1006 2475 1090 2554 μόνος
1115 2478 1183 2558 ᾤετο
1206 2477 1308 2542 εἰδέναι
1331 2481 1433 2562 ῥρῖοτον
1459 2479 1489 2544 όν

370 2588 537 2671 ἀφύλακτα
571 2588 738 2666 λαμβανειν
773 2592 851 2655 mihi
886 2609 989 2657 merae
1021 2591 1169 2656 videntur
1199 2593 1358 2676 caligines,
1382 2612 1489 2675 neque

372 2705 547 2789 quidquam
571 2704 611 2768 ad
634 2724 670 2769 ea
692 2705 899 2788 intelligenda
918 2725 978 2769 nos
999 2705 1128 2769 adiuvat
1147 2705 1292 2770 Kiihneri
1305 2708 1485 2770 annotatio:

375 2817 584 2899 ,vocabulum
608 2815 692 2893 μόνος
716 2837 752 2882 ea
774 2820 807 2880 vi
826 2818 968 2881 additum
991 2819 1126 2896 videtur,
1139 2827 1175 2882 ut
1195 2818 1351 2902 significet
1360 2824 1489 2898 practer

371 2936 483 2995 cataros
506 2938 561 2995 aut
582 2950 669 2994 ακιιε
691 2932 828 2995 οοκιιίοιικ
854 2930 1015 2994 νιιαοοῖνιιο”.
1040 2930 1241 3015 Quamquam
1262 2932 1402 2996 dubitari
1421 2953 1488 2997 non

372 3050 482 3127 potest,
507 3046 584 3126 quin
607 3041 691 3120 μόνος
714 3045 747 3107 id
769 3044 947 3128 significare
966 3046 1073 3128 possit.
1093 3045 1119 3108 Ε
1139 3066 1255 3129 magna
1267 3047 1488 3130 exemplorum

373 3159 462 3240 copia
496 3177 597 3221 unum
629 3157 772 3222 afferam:
805 3157 918 3240 Lysias
949 3158 1038 3240 XIV,
1071 3160 1107 3221 ῖς
1140 3159 1271 3236 ἡγοῦμαι
1294 3157 1320 3222 δ’
1345 3153 1365 3221 ὦ
1388 3156 1488 3238 ἄνδρες

355 3266 524 3342 Ιδικασταὶ,
548 3266 603 3350 όλιρ
625 3271 665 3349 τῷ
689 3271 765 3352 νόμῳ
788 3271 873 3349 μόνον
895 3272 982 3336 αὐτὸν
1006 3274 1061 3334 τῶν
1080 3275 1203 3336 πολιτῶν
1226 3270 1325 3351 ἔνοχον
1347 3267 1424 3336 εἶναι.

836 3550 1026 3560 --

798 3763 969 3829 LIBER
1001 3766 1059 3830 HI.

419 3959 450 4023 O.
483 3961 507 4042 I,
540 3961 589 4024 13.
620 3957 714 4023 ὁποῖόν
743 3983 772 4023 τι
801 3959 898 4037 μέντοι
921 3959 984 4024 ἕπτῖ
1009 3962 1041 4025 τό
1064 3967 1188 4026 τοιοῦτον
1212 3959 1277 4042 όναρ
1301 3960 1369 4024 ἰδεῖν
1392 3957 1486 4034 ἔξεστι

280 4115 282 4120 ·
374 4080 488 4137 σκοπεῖν
511 4074 543 4136 ἐκ
570 4077 625 4137 τῶν
648 4071 827 4150 ονμβιόντων
850 4074 930 4151 μετὰ
953 4075 985 4139 τό
1008 4073 1081 4156 όνοιρ.
1107 4075 1168 4140 Vel
1191 4095 1283 4139 aures
1307 4075 1487 4156 admonent,

374 4186 451 4250 haec
470 4207 547 4251 sana
569 4206 638 4252 esse
662 4207 725 4250 non
749 4206 857 4271 posse:
884 4189 1054 4252 durissima
1076 4191 1161 4253 enim
1187 4193 1234 4252 est
1256 4190 1318 4252 ista
1339 4187 1484 4251 vocabuli

373 4295 438 4380 όναρ
461 4302 613 4386 repetitio.
637 4298 699 4367 Sed
722 4300 822 4369 multo
845 4303 965 4369 certius
989 4321 1006 4372 e
1029 4303 1185 4369 sententia
1207 4303 1272 4385 peti
1293 4306 1396 4392 potest
1418 4320 1484 4373 cor-
