3330 5262
843 605 906 668 308

309 789 395 873 phon
426 789 630 870 commiserit,
661 794 717 854 aut
747 791 777 853 ei
806 790 909 853 invito
934 790 1143 873 interpolator
1165 790 1321 873 tribuerit,
1348 792 1437 855 vide·

311 900 426 984 bimus,
459 903 487 967 si
522 901 601 985 quid
637 901 693 965 illa
728 921 803 966 cum
836 900 1000 986 Spartanis
1038 905 1231 986 comparatio
1267 902 1329 967 sibi
1361 904 1437 967 velit

309 1015 577 1098 perspexerimus,
621 1014 788 1094 ,Tertium
823 1013 1101 1098 comparationis'',
1137 1015 1224 1099 quod
1259 1021 1384 1098 vocant,
1418 1035 1438 1080 e

309 1126 407 1192 verbo
439 1127 564 1208 ὠφελεῖν
595 1128 768 1211 petendum
792 1132 848 1192 est.
872 1127 922 1192 Ita
945 1129 1031 1192 enim
1055 1134 1300 1212 argumentatur
1322 1129 1437 1194 Thera-

310 1258 436 1304 menes:
477 1239 569 1321 ,Our
603 1239 751 1324 Spartani
783 1260 843 1304 nos
874 1242 982 1305 vivere
1013 1242 1099 1324 passi
1130 1241 1230 1312 sunt?
1266 1241 1308 1306 Ut
1333 1244 1437 1307 socios

309 1355 447 1433 (coactos
480 1354 609 1438 quidem
640 1355 697 1418 sed
728 1359 835 1418 tamen
866 1355 980 1434 socios)
1003 1373 1062 1418 nos
1085 1353 1246 1419 haberent.
1272 1354 1337 1418 Cur
1360 1374 1436 1438 ergo

310 1485 370 1530 nos
400 1472 523 1552 oportet
546 1466 664 1550 populo
688 1486 748 1531 sua
771 1486 860 1530 arma
882 1466 1088 1550 relinquere?
1114 1467 1157 1530 Ut
1180 1467 1320 1551 populus
1343 1466 1436 1531 nobis

311 1581 417 1644 socius
453 1599 523 1645 esso
557 1579 687 1664 possit‚”
722 1580 925 1664 collegasque
960 1599 1036 1644 suos
1071 1581 1117 1644 sic
1150 1579 1217 1644 iere
1247 1581 1436 1664 alloquitur:

313 1693 493 1773 ,inermem
517 1710 592 1776 ergo
615 1712 673 1756 vos
696 1692 853 1776 populum
876 1711 946 1756 esse
967 1692 1089 1756 vultis?
1111 1691 1199 1756 Gur?
1219 1692 1272 1755 An
1293 1691 1437 1756 nevobis

310 1803 470 1870 auxilium
505 1811 664 1891 praestare
698 1805 846 1890 possint?
880 1804 1041 1889 Respicite
1072 1804 1254 1889 Spartanos,
1284 1811 1437 1890 patronos

309 1924 449 1984 vestros:
486 1935 565 1983 num
603 1923 635 1984 et
668 1919 716 1982 illi
751 1937 817 1983 rem
851 1936 888 1982 eo
921 1918 1079 1984 deducere
1109 1919 1293 2001 voluerunt,
1317 1925 1354 1984 ut
1377 1939 1437 1984 nos

309 2034 388 2117 ipsis
411 2033 570 2098 auxilinm
594 2037 758 2117 praestare
781 2051 846 2096 non
870 2031 1074 2096 valeremus?
1097 2031 1239 2114 Minime,
1258 2036 1296 2095 ut
1315 2033 1437 2115 opinor.

219 2146 221 2151 ’
309 2146 348 2209 Id
383 2147 469 2210 enim
504 2147 530 2210 si
566 2146 754 2228 voluissent,
788 2164 847 2209 nos
883 2163 994 2208 omnes
1024 2143 1101 2208 fami
1133 2143 1321 2210 occumbere
1350 2146 1438 2229 passi

309 2258 445 2325 essent.’'
480 2259 574 2342 Satis,
607 2259 709 2342 credo,
740 2277 828 2323 nunc
859 2260 1065 2342 perspicuum
1098 2263 1155 2341 est,
1185 2258 1267 2321 nihil
1290 2259 1378 2323 aliud
1400 2261 1436 2322 in

309 2374 369 2437 hoc
392 2374 461 2438 loco
485 2389 555 2438 esse
574 2372 873 2457 reprehendendum
894 2391 990 2455 quam
1013 2372 1099 2454 quod
1118 2372 1227 2436 addita
1246 2377 1323 2436 sunt
1344 2392 1437 2436 voca-

309 2486 386 2550 bula
410 2485 500 2563 ὀλίγοι
523 2483 687 2562 productor:
711 2486 751 2549 iis
776 2486 861 2548 enim
887 2485 1014 2548 omissis
1038 2485 1163 2567 egregie
1186 2485 1333 2548 decurret
1355 2483 1437 2548 The-

309 2600 449 2662 remonis
479 2598 718 2662 demonstratio.
748 2597 863 2661 Aliena
893 2602 999 2672 tamen
1031 2616 1129 2660 manu
1160 2615 1198 2660 ea
1221 2599 1341 2661 inserta
1363 2617 1437 2663 esse

309 2711 468 2776 affirmare
498 2731 564 2775 non
595 2711 706 2794 audeo,
730 2711 882 2794 quoniam
906 2710 1030 2774 nullam
1051 2729 1182 2774 causam
1208 2711 1310 2792 video,
1335 2730 1436 2794 quare

308 2827 515 2910 grammatico
538 2825 634 2888 alicui
658 2826 691 2887 in
715 2827 852 2888 mentem
875 2824 983 2888 venire
1004 2825 1144 2907 potuerit
1164 2825 1321 2888 eiusmodi
1334 2844 1436 2889 anno-

309 2941 462 3006 tationem
493 2937 681 3003 adscribere.
712 2936 920 3008 Probabilius
948 2956 1024 3020 ergo
1048 2955 1171 3018 censeo,
1194 2938 1300 3020 ipsum
1325 2937 1437 3002 Xeno-

308 3054 460 3138 phontem
492 3053 634 3116 indicare
662 3051 813 3133 voluisse,
838 3050 916 3134 quid
940 3049 1105 3134 Spartanis
1129 3051 1289 3134 agendum
1312 3050 1437 3134 fuisset,

309 3167 337 3230 si
367 3165 522 3250 populum
553 3164 783 3228 Atheniensem
816 3162 982 3227 infirmum
1005 3162 1075 3227 fieri
1097 3163 1291 3243 voluissent3
1316 3164 1376 3228 hoc
1397 3169 1436 3228 ut

308 3277 412 3342 iacere
435 3282 552 3362 posset,
576 3277 721 3341 addenda
741 3281 808 3340 erat
824 3276 1050 3365 ¹huiuscemodi
1070 3278 1242 3340 sententia:
1260 3275 1436 3360 ,Spartani

311 3407 439 3474 quoque
475 3409 534 3454 nos
568 3389 713 3454 infirmos
744 3389 876 3454 reddere
907 3389 982 3452 olim
1014 3393 1203 3473 potuerunt:
1228 3408 1325 3473 penes
1347 3391 1436 3473 ipsos

309 3505 393 3568 enim
415 3508 490 3586 erat,
509 3509 547 3568 ut
567 3504 755 3588 paucissimi
773 3508 918 3567 nostrum
931 3504 965 3565 in
977 3504 1044 3566 vita
1055 3502 1285 3585 remanerent‚”
1298 3522 1437 3586 eamque

309 3617 435 3682 duobus
470 3617 636 3682 vocabulis
666 3617 813 3696 inclusit,
846 3617 901 3680 sed
931 3635 1029 3700 grave
1061 3616 1251 3682 elocutionis
1274 3618 1436 3681 commisit

308 3732 434 3813 vitium,
458 3751 560 3814 quum
583 3729 638 3792 illa
662 3748 698 3793 eo
718 3729 787 3792 loco
808 3733 950 3812 poneret,
962 3733 998 3793 ut
1017 3729 1127 3792 lectori
1140 3729 1239 3792 totius
1251 3729 1434 3812 argumenti

308 3844 458 3925 primaria
488 3863 562 3927 pars
593 3861 663 3907 esse
685 3842 788 3906 videri
812 3841 971 3906 deberent.
997 3841 1099 3907 Multo
1125 3842 1210 3905 enim
1234 3842 1338 3906 levius
1362 3842 1435 3906 eius

307 3960 473 4038 peccatum
505 3956 628 4039 fuisset,
660 3957 687 4019 si
714 3959 787 4034 post
816 3954 951 4019 verbum
976 3955 1102 4034 ὠφελεῖν
1125 3954 1212 4018 istud
1234 3952 1323 4030 aalys
1347 3954 1432 4030 γενό-

308 4089 386 4144 μενοι
410 4068 590 4133 addidisset.

351 4177 410 4261 ΠΙ,
433 4181 485 4244 43.
508 4180 582 4244 Νοη
605 4180 799 4264 proditorem
823 4199 858 4244 se
882 4198 952 4244 esse
975 4180 1031 4244 sed
1053 4181 1191 4243 amicum
1216 4177 1342 4244 fidelem
1361 4181 1430 4242 sin-

309 4306 492 4377 cerumque,
522 4295 567 4358 ita
596 4294 792 4357 demonstrat
820 4291 1040 4376 Theramenes
1073 4296 1110 4357 ut
1138 4292 1239 4356 dicat:
1267 4340 1282 4374 „
1295 4311 1358 4356 oon
1380 4293 1431 4356 illi
