3348 5262
743 628 807 692 223

206 812 334 891 ἐπνίγετο
356 815 393 885 ὡς
414 815 515 877 ταῦτα
536 809 693 889 ἐγνωκότες
716 804 769 874 εἷεν
791 809 844 875 καί
869 810 1002 888 Θηβαία
1028 809 1081 876 καί
1100 812 1220 876 Ἠλεῖον.
1243 813 1337 877 Istud

205 931 313 990 autem
355 925 508 990 Eleorum
547 923 836 1008 Thebanorumque
882 925 1103 989 testimonium
1142 925 1228 1009 apud
1262 925 1336 989 Pla-

208 1045 317 1104 tonem
350 1058 461 1104 revera
495 1038 673 1102 Pausanias
709 1038 807 1120 affert,
842 1039 896 1101 cui
931 1043 1036 1102 totum
1071 1039 1110 1102 de
1140 1038 1337 1103 amatoribus

208 1155 387 1236 amotisque
417 1152 524 1216 locum
557 1151 671 1216 tribuit
697 1151 890 1236 Xenophon.
913 1151 999 1235 Ergo
1024 1154 1053 1216 si
1075 1152 1243 1216 Platonem
1266 1172 1337 1236 per·

207 1267 362 1350 stringere
387 1268 541 1331 voluisset
562 1265 757 1350 Xenophon,
775 1284 818 1330 ne
840 1267 874 1328 in
898 1285 1004 1330 errore
1028 1266 1159 1348 quidem
1180 1265 1242 1330 sibi
1263 1284 1337 1330 con-

207 1381 328 1444 stitisse
358 1380 512 1444 dicendus
544 1384 635 1444 esset.
658 1380 713 1443 An
736 1383 802 1443 tam
826 1379 992 1462 stupidum
1014 1379 1116 1444 fuisse
1139 1377 1337 1463 Xenophon-

208 1498 272 1559 tem
307 1493 504 1558 censendum
534 1496 590 1574 est,
618 1497 656 1556 ut
679 1512 790 1575 quum,
814 1511 911 1575 quem
934 1492 1063 1555 tandem
1087 1491 1335 1576 reprehensione

209 1626 268 1671 sua
291 1611 421 1690 peteret,
445 1605 647 1670 dissimulare
669 1605 775 1688 vellet,
798 1605 930 1669 alteram
952 1609 1074 1689 partem
1096 1606 1200 1689 turpis
1226 1607 1335 1670 cuius-

209 1719 282 1782 dam
315 1721 499 1801 sententiae,
540 1739 638 1802 quam
674 1719 759 1802 apud
792 1718 959 1783 Platonem
994 1718 1161 1784 Phaedrus
1196 1719 1337 1784 defendit

207 1832 388 1897 Pausaniae
422 1834 606 1917 assignaret,
636 1833 672 1896 in
703 1832 801 1897 altera
831 1837 920 1916 parte
950 1833 1110 1898 afferenda
1133 1833 1260 1898 consilii
1283 1835 1335 1898 eui

209 1944 477 2010 oblivisceretur?
506 1945 719 2029 Explodcnda
751 1964 882 2028 quoque
911 1945 967 2009 illa
999 1947 1126 2012 videtur
1150 1947 1189 2011 de
1212 1946 1335 2030 duplici

209 2058 371 2143 Symposii
405 2059 562 2124 Platonici
591 2060 778 2124 recensione
809 2062 976 2141 sententia,
1000 2080 1097 2142 quam
1128 2062 1334 2126 nuncetiam

209 2172 384 2237 defendunt
401 2229 402 2232 ,
419 2173 577 2237 nonnulli.
613 2171 677 2248 Qui
710 2175 796 2238 enim
831 2173 952 2237 nodum
988 2175 1023 2237 in
1054 2175 1157 2258 scirpo
1181 2193 1335 2258 quaerere

208 2288 297 2371 nolit,
329 2289 359 2352 is
395 2289 442 2353 sic
473 2293 613 2353 statuere
643 2307 710 2351 non
741 2287 917 2352 dubitabit:
945 2289 1059 2369 ,unde
1080 2289 1142 2352 ista
1164 2289 1333 2352 nominum

209 2401 387 2466 differentia
417 2407 493 2465 nata
523 2403 572 2484 sit,
595 2403 753 2467 coniicere
775 2420 961 2486 possumus,
984 2421 1042 2486 pro
1065 2407 1151 2466 certo
1175 2401 1334 2466 affirmare

208 2534 273 2579 non
296 2535 478 2600 possumus,
502 2517 558 2580 sed
581 2517 641 2581 hoc
663 2520 804 2580 constat:
829 2515 1086 2600 Xenophontem,
1112 2536 1214 2599 quum
1238 2536 1334 2580 suum

208 2627 402 2692 Convivium
432 2630 467 2692 in
497 2629 602 2693 lucem
627 2629 742 2712 ederet,
765 2629 968 2693 nullamdum
990 2628 1148 2692 Platonici
1171 2627 1334 2712 Symposii

206 2743 355 2825 paginam
378 2743 494 2825 legisse
517 2743 569 2807 vel
590 2742 696 2826 legere
718 2741 891 2826 potuisse.’'

251 2855 308 2918 IV.
338 2857 436 2939 Apud
465 2855 713 2939 Xenophontem
742 2857 821 2920 haec
847 2855 1001 2939 leguntur
1032 2855 1133 2937 (Vm,
1158 2855 1205 2936 9);
1230 2853 1334 2932 εἰμὲν

207 2961 254 3033 οὖν
278 2967 335 3046 μία
357 2966 437 3032 ἐστίν
461 2967 622 3049 Ἀφροδίτη
646 2965 663 3042 ἢ
688 2967 793 3041 διτταί,
819 2966 950 3048 Οὐρανία
973 2990 1006 3030 οε
1023 2965 1075 3031 καί
1096 2964 1266 3044 Πάνδημος,
1280 2967 1332 3030 οὐκ

207 3077 286 3147 οίδα·
317 3080 370 3147 καί
398 3081 456 3164 γὰρ
478 3082 550 3155 Ζεὺς
573 3082 586 3146 ὃ
611 3083 701 3155 αὐτὸς
724 3081 812 3146 δοκῶν
836 3076 906 3145 εἶναι
929 3081 1045 3154 πολλαὶς
1068 3079 1235 3158 ἐπωνυμίας
1259 3078 1332 3159 ἔχει.

208 3196 291 3260 Satis
325 3201 440 3281 aperte,
473 3201 511 3261 ut
545 3197 666 3281 opinor,
701 3197 752 3261 his
782 3196 889 3261 verbis
918 3201 1053 3261 testatur
1082 3195 1275 3279 Xenophon,
1300 3214 1335 3260 se

206 3327 317 3375 revera
351 3311 483 3392 neacho,
515 3315 626 3374 utrum
658 3310 740 3373 duae
773 3310 837 3373 sint
868 3309 1022 3392 Veneres,
1044 3328 1086 3373 an
1110 3328 1176 3372 una
1198 3313 1334 3390 tantum,

206 3442 313 3506 neque
346 3423 483 3486 multum
517 3423 614 3487 diuvo
647 3423 687 3487 de
718 3442 756 3487 ea
786 3424 973 3506 quaestione
996 3441 1105 3486 secum
1129 3420 1334 3503 dehberasse,

207 3555 364 3620 suamque
386 3537 599 3620 ignorantiam
624 3535 747 3600 Socrati
769 3534 889 3600 tribuit
911 3534 1079 3618 Simulque
1099 3534 1195 3616 addit,
1216 3554 1280 3617 qua
1299 3551 1334 3597 re

205 3650 334 3714 tandem
370 3649 542 3733 aliquando
575 3650 734 3715 adductus
769 3651 819 3733 sit,
850 3654 887 3713 ut
916 3648 1078 3732 paulisper
1103 3646 1144 3710 ad
1168 3664 1240 3710 eam
1263 3664 1334 3709 rem

206 3765 350 3828 animum
374 3783 472 3829 suum
496 3763 681 3828 adverteret
706 3762 894 3847 Sequuntur
913 3762 1002 3824 eninr
1022 3761 1116 3823 haec:
1129 3753 1220 3834 ίοννε
1233 3753 1335 3850 μέντοι

205 3872 295 3956 χωρίς
318 3875 442 3960 ἑκατέρα
464 3875 563 3954 βωμοί
582 3899 615 3939 τε
638 3871 689 3939 καί
714 3873 777 3939 ναοί
797 3873 850 3937 aire
872 3869 923 3936 καί
944 3869 1096 3950 toaleam?
1111 3866 1332 3948 μὲνΠανδνίαῳ

204 3989 439 4073 ῥᾳδιουργίτεροα,
462 3997 499 4072 τῇ
527 3990 558 4054 δὲ
583 3987 712 4071 Οὐρανία
734 3985 897 4068 aeleram,
921 3979 996 4050 οἶδα.
1021 3984 1111 4048 Nihil
1135 4002 1220 4068 ergo,
1245 3981 1332 4066 quod

204 4105 245 4169 ad
268 4106 434 4170 scientiam
457 4105 496 4169 de
519 4104 638 4189 duphoi
659 4102 797 4167 Veneris
821 4105 937 4164 natura
956 4099 1076 4180 attinet,
1090 4117 1187 4181 supra
1208 4095 1331 4178 vulgus

205 4219 288 4302 sapit
312 4217 566 4302 Xenophonteus
589 4215 743 4281 Socrates.
769 4213 848 4290 Quis
872 4213 957 4276 enim
976 4230 1042 4275 non
1063 4210 1102 4274 de
1121 4207 1214 4294 plebe
1226 4208 1333 4289 homo,

203 4333 282 4397 visis
312 4332 492 4396 simulacris
522 4331 659 4414 arisque,
684 4327 924 4410 observatisque
951 4325 1119 4390 hominum
1142 4324 1178 4389 in
1201 4323 1333 4391 Venere
