3330 5262
868 593 931 656 400

341 779 397 842 illa
420 779 458 844 de
480 777 631 844 Phliunte
654 779 848 862 digressione
865 782 995 863 apparet
1010 777 1258 862 Xenophontem
1278 779 1313 842 in
1325 778 1456 843 eaurbe

342 892 461 964 multos
491 893 631 976 hospites
657 891 893 975 familiaresque
917 890 1074 956 habuisse.
1096 891 1180 956 Vide
1203 890 1307 955 Anah.
1331 890 1401 975 Vll,
1426 893 1458 976 8,

345 1006 445 1090 lsqq.
469 1005 509 1070 de
531 1005 664 1069 Euclide
688 1003 828 1068 Phliasio
852 1005 1027 1090 haruspice.

386 1119 429 1202 Π,
454 1119 503 1182 16.
526 1119 780 1183 Admirationem
803 1122 909 1182 movet
932 1117 1065 1182 verbum
1088 1113 1315 1197 διαπρόττεσόαι
1339 1117 1388 1182 bis
1406 1118 1455 1182 hio

341 1235 481 1318 positum
522 1233 561 1297 de
594 1231 693 1296 nobili
725 1230 939 1296 Phliasiorum
974 1231 1069 1314 facto,
1103 1231 1190 1315 quod
1222 1230 1269 1294 τόν
1303 1228 1461 1304 Πελληνέα

342 1343 477 1428 Πρόξενον
511 1343 608 1425 ζῶντα
638 1343 792 1421 λαβόντες,
823 1341 925 1424 καίπερ
955 1341 1160 1423 σπανιζόμενοι
1184 1341 1309 1416 πιόντων,
1331 1343 1460 1424 ἀφῆκαν

342 1458 410 1524 ῶνεν
433 1457 550 1540 λύτρων.

388 1573 430 1658 ΙΙ,
455 1575 494 1637 17
516 1594 562 1658 sq.
586 1571 788 1637 Commeatus
812 1573 919 1656 inopia
941 1569 1085 1636 laborant
1107 1570 1241 1636 Phliasii
1265 1579 1296 1636 et
1318 1571 1456 1636 frumen·

343 1693 412 1755 tum
447 1689 563 1773 partim
594 1707 611 1752 e
641 1692 724 1751 terra
754 1686 860 1750 hostili
891 1690 1012 1771 petunt,
1035 1687 1149 1770 partim
1174 1684 1315 1750 Corinthi
1339 1690 1461 1769 emunt,

344 1801 393 1866 διόι
424 1804 540 1866 πολλῶν
570 1798 702 1865 κινδύνων
725 1796 775 1862 ε’πί
797 1797 850 1871 την
872 1796 981 1878 οίγορόιν
1005 1795 1101 1872 ίόνσες,
1124 1802 1271 1878 χαλεπῶς
1295 1798 1348 1877 μὲν
1372 1797 1463 1878 τίμην

344 1913 512 1996 πορίζοντες,
537 1916 682 1992 χαλεπῶς
705 1910 736 1977 δὲ
759 1911 825 1984 τοὺς
848 1910 1014 1992 ποριζοντας
1038 1909 1290 1994 διαπραττόμενοι,
1314 1911 1460 1992 γλίσχρως

344 2024 375 2092 δὲ
397 2027 550 2106 ἐγγυησόις
574 2024 764 2098 καόιστοίντες
786 2029 842 2090 τῶν
864 2022 991 2116 ῶξόντων
1015 2023 1184 2105 ὑποζυγίων.
1208 2025 1311 2090 Nihili
1331 2033 1377 2092 est
1394 2025 1458 2098 τοὺς

346 2140 516 2222 πορίζοντας
552 2141 809 2221 διαπραττόμενοις
845 2160 886 2204 an
920 2140 1092 2225 legendum
1123 2145 1171 2204 est
1199 2139 1266 2212 τοὺς
1288 2137 1462 2220 κομίζοντας

343 2254 575 2336 διατορεύοιτεςε
602 2255 715 2337 „haud
737 2254 829 2319 facile
852 2273 916 2336 eos,
937 2255 993 2337 qui
1013 2258 1224 2318 commeatum
1242 2253 1396 2338 ferebant
1408 2273 1463 2338 per
1510 2321 1515 2362 ἱ

345 2370 466 2435 medios
497 2369 657 2434 ducebant
682 2368 835 2434 hostes”?
859 2365 912 2440 ίιδη
937 2366 968 2430 δὲ
990 2365 1182 2432 παντοίπαοιν
1203 2367 1377 2448 οίποροῶντες
1401 2364 1463 2430 Χοί-

344 2508 419 2565 ρητα
442 2480 633 2565 διεπρόξαντο
656 2484 756 2566 (vides
779 2488 919 2568 quantus
943 2484 985 2547 sit
1006 2484 1067 2546 hoo
1088 2484 1158 2546 looo
1179 2501 1267 2565 usus,
1286 2483 1339 2547 vel
1356 2483 1465 2566 potius

345 2598 475 2683 abusus,
497 2598 587 2664 verbi
609 2596 853 2686 διαπρόττεσόαις
877 2599 1050 2682 quinquies
1073 2599 1158 2662 enim
1182 2597 1300 2682 legitur
1320 2597 1463 2678 16-20)

344 2711 547 2793 παραπέμψαι
570 2710 622 2784 την
646 2710 858 2793 παραπομπήν.
884 2709 945 2774 ε’πεί
968 2710 998 2774 δὲ
1021 2712 1050 2775 ἕν
1071 2714 1204 2774 Φλιοῦντι
1228 2708 1355 2789 ε’γὲνοντο
1378 2708 1460 2783 ἔδεό-

345 2827 434 2900 ίησαν
468 2827 558 2890 αὐτοῦ
589 2824 640 2890 καί
670 2824 737 2897 τοὺς
765 2823 899 2904 οίχρείονς
926 2821 1134 2903 συνεκπέμψαι
1157 2823 1197 2896 είς
1220 2821 1273 2896 την
1296 2821 1459 2896 Πελλήνην.

345 2939 450 3005 Sicine
481 2941 580 3004 vero?
612 2939 720 3016 Quum
742 2939 803 3019 ipsi
824 2938 859 3002 ι’νι
881 2958 973 3002 suom
996 2937 1108 3002 urbem
1133 2940 1298 3003 venissent
1319 2936 1463 3021 Phliasii,

343 3054 378 3117 id
398 3053 437 3117 ab
448 3054 637 3118 Atheniensi
650 3051 781 3117 Charete
793 3052 976 3136 petierunt?
991 3050 1189 3127 Quantooius
1200 3069 1317 3135 repone
1328 3047 1459 3128 ἐγένετοτ

346 3190 448 3253 quum
471 3168 588 3234 Chares
611 3170 644 3232 in
669 3169 781 3233 urbem
806 3169 953 3232 venisset.

389 3283 431 3366 H,
466 3285 516 3347 23.
552 3282 683 3348 Phliasii
717 3303 735 3347 a
767 3281 897 3347 Charete
928 3281 1027 3346 adiuti
1057 3281 1242 3362 Thyamiam
1265 3283 1457 3365 expugnant,

347 3417 442 3481 quam
469 3396 611 3479 Sicyonii
636 3396 803 3462 moenibus
828 3393 1083 3476 circumdabant3
1108 3415 1171 3480 qua
1193 3396 1377 3479 recognita
1399 3391 1456 3455 Co-

345 3513 456 3576 rinthii
478 3507 566 3588 μιίλα
585 3513 707 3590 φιλικῶς
725 3506 900 3589 κηρύξαντες
918 3507 959 3572 τόν
977 3506 1067 3588 ζεύγη
1088 3505 1139 3572 καί
1153 3506 1191 3571 τόν
1202 3505 1349 3587 ὑποζύγια
1359 3502 1460 3569 ποίντα

346 3623 398 3689 καί
430 3623 508 3689 σίτον
537 3622 713 3702 γεμίσαντες
743 3625 783 3695 είς
813 3623 860 3687 τὸν
889 3625 1034 3686 Φλιοῦντα
1058 3622 1240 3703 παρήγαγον.
1266 3621 1352 3685 Num
1377 3625 1463 3686 recte

346 3733 520 3818 κηρύξαντες
562 3738 723 3822 explicent
761 3756 843 3822 „per
876 3755 1062 3820 praeconem
1096 3735 1283 3820 imperare'’,
1317 3733 1463 3798 dubitare

346 3852 427 3916 licet.
459 3851 539 3916 Cum
568 3853 715 3935 sequenti
743 3849 920 3928 γεμίσαντες
952 3851 1066 3915 melius
1094 3849 1273 3914 cohaereret
1293 3843 1459 3926 ζεύξαντες.

392 3963 494 4048 Caput
515 3963 574 4047 ΙΠ,
599 3966 625 4027 1.
649 3961 710 4043 περί
733 3963 787 4040 μὲν
810 3961 845 4035 δός
869 3960 1024 4036 Φλιασίων,
1047 3963 1084 4033 ῶς
1103 3959 1155 4025 καί
1177 3959 1274 4026 πιστοί
1287 3966 1348 4034 τοῖς
1362 3960 1456 4043 Φίλοις

346 4075 475 4156 ἐγένοντο
505 4075 556 4141 καὶ
580 4073 699 4154 ύλκιμοι
723 4076 752 4139 ἐν
774 4076 814 4156 τῷ
837 4073 956 4155 πολέμῳ
979 4073 1153 4139 διετέλεσαν.
1178 4075 1251 4140 Non
1274 4075 1378 4159 placet
1401 4073 1454 4138 διε-

347 4188 470 4255 τέλεσαν
501 4193 570 4255 sine
599 4192 774 4275 participio,
796 4192 1005 4274 suspicorque
1026 4187 1272 4274 Xenophontem
1295 4191 1456 4274 scripsisse

348 4303 386 4376 ῶς
408 4303 459 4368 καί
483 4302 577 4369 πιστοί
600 4310 661 4377 τοῖς
684 4303 780 4388 φίλοις
802 4301 880 4377 όντες
903 4301 955 4368 καί
978 4301 1097 4381 όιλκιμοι
1119 4304 1148 4366 ἐν
1171 4304 1211 4383 τῷ
1231 4301 1352 4384 πολέμῳ
1370 4299 1476 4367 διετέ-Υ
