3348 5262
588 1613 753 1690 CAPUT
779 1613 1025 1689 DECIMUM.

284 1861 331 1931 ud
356 1861 500 1932 convivii
524 1862 747 1948 xenophontei
773 1861 867 1931 iooos
893 1861 1069 1932 nonnuiios
1093 1860 1327 1931 annotationes

730 1974 881 2043 oritioae.

293 2492 395 2577 Caput
417 2492 442 2575 Ι,
465 2495 494 2557 8.
517 2491 684 2562 Αὐτόλυκος
707 2490 763 2569 μὲν
786 2483 832 2555 οὖν
855 2490 937 2572 παρα
959 2491 1008 2555 τὸν
1030 2491 1145 2574 πατέρα
1164 2490 1323 2572 ἐκαθέζετο,
1344 2492 1367 2557 οἱ

248 2603 279 2668 δέ
311 2602 394 2670 ἄλλον
426 2601 515 2685 ὥςπερ
542 2605 615 2676 εἰκὸς
636 2603 858 2678 κατεκλίνησαν.
883 2605 991 2670 Verba
1014 2601 1105 2686 ὥςπερ
1127 2605 1198 2678 εἰκός
1221 2608 1286 2671 iam
1309 2605 1366 2669 Er-

247 2720 351 2783 nestio
386 2719 634 2803 displicuerunt3
670 2737 777 2803 neque
810 2738 848 2784 ea
880 2719 1027 2803 probavit
1059 2720 1281 2802 Schneiderns,
1311 2721 1368 2803 qui

247 2831 431 2915 Aristidem,
463 2852 482 2897 a
512 2852 576 2916 quo
603 2833 655 2896 hio
676 2832 767 2897 loeus
790 2832 948 2915 laudatur,
971 2852 1044 2898 eum
1069 2835 1114 2897 sio
1136 2834 1170 2896 in
1193 2833 1368 2917 exemplari

248 2964 307 3010 suo
331 2944 481 3011 habuisse
504 2947 619 3011 eredit:
643 2945 812 3017 Αὐτόλυκος
835 2944 890 3022 μέν
911 2937 957 3010 οὖν
979 2943 1061 3025 παραὶ
1079 2944 1127 3009 τὸν
1146 2941 1260 3024 πατέρα
1280 2943 1366 3008 έκαθ-

248 3056 339 3138 έζετο,
370 3055 459 3139 ὥςπερ
490 3057 572 3132 εθκές,
603 3057 628 3123 οἱ
657 3057 688 3122 δέ
718 3055 803 3123 ἄλλον
827 3056 1048 3131 κατεκλίνησαν.
1073 3058 1112 3122 Id
1134 3059 1162 3123 si
1186 3057 1368 3143 Xenophon

249 3172 413 3255 voluisset,
448 3172 540 3236 eredo
572 3191 646 3237 eum
678 3173 872 3257 scripturum
902 3171 1018 3236 fuisse:
1051 3169 1220 3243 Αὐτόλυκος
1244 3170 1299 3248 μὲν
1322 3163 1368 3235 οὖν

250 3281 339 3365 ὥςπερ
374 3285 446 3357 εἰκὸς
480 3283 561 3365 παρὰ
593 3285 640 3349 τὸν
670 3283 785 3365 πατέρα
804 3282 955 3364 ἐκαθέζετο
978 3284 1037 3348 κτὲ.
1061 3284 1111 3350 Ne
1133 3285 1216 3349 hano
1239 3285 1368 3369 quidem

249 3399 427 3481 lectionem,
452 3400 479 3463 si
509 3400 664 3463 editiones
686 3398 882 3483 praeberent,
905 3399 1051 3482 equidem
1075 3397 1249 3482 probarem.
1272 3397 1369 3463 Recte

252 3512 381 3596 quidem
399 3514 482 3577 inter
497 3531 531 3577 se
543 3517 778 3598 opponerentur
789 3511 886 3576 verba
897 3509 1048 3590 ἐκαθέζετο
1060 3516 1091 3576 et
1102 3509 1315 3584 κακεκλθνκσαν
1326 3547 1368 3558 -

251 3644 333 3709 quae
364 3627 519 3709 oppositio
549 3627 643 3690 etiam
672 3627 706 3688 in
738 3625 868 3709 vulgata
889 3625 1024 3689 lectione
1045 3626 1130 3689 inest
1154 3661 1205 3705 -‚
1227 3642 1372 3708 puerque

250 3738 411 3815 assedisse,
433 3733 568 3802 maiores
591 3757 666 3803 vero
688 3743 766 3801 natu
786 3736 965 3802 occubuisse
984 3737 1172 3818 dicerentur,
1185 3736 1240 3801 sed
1251 3737 1370 3801 iniuria

252 3853 350 3917 totius
375 3853 549 3916 sententiae
573 3852 732 3935 emphasis
751 3851 785 3914 in
805 3869 842 3914 ea
860 3849 958 3914 verba
978 3850 1111 3914 caderet.
1123 3849 1206 3913 Nam
1219 3869 1285 3914 non
1297 3855 1370 3915 ante

253 3967 359 4029 omnia
380 3965 441 4029 hoo
464 3964 598 4028 doeendi
621 3969 711 4028 erant
730 3963 872 4045 lectores,
892 3962 1089 4044 Autolycum
1110 3963 1277 4046 assedisse,
1289 3967 1370 4028 oete-

252 4099 304 4143 ros
328 4077 532 4142 accubuisse:
558 4078 596 4142 de
620 4096 708 4141 more
731 4077 816 4141 enim
839 4077 873 4139 id
895 4075 999 4157 fiebat,
1020 4094 1125 4160 neque
1145 4076 1321 4160 quidquam
1334 4096 1371 4141 ea

252 4210 303 4256 res
334 4190 437 4273 habet,
461 4190 546 4274 quod
577 4209 643 4254 non
668 4194 781 4274 sponte
805 4189 912 4272 quivis
935 4187 1097 4273 intelligat.
1121 4187 1218 4253 Reete
1241 4189 1371 4272 quidem

254 4323 328 4389 ergo
353 4306 453 4370 sensit
472 4303 693 4388 Schneiderus,
706 4303 934 4368 absurdissime
950 4302 1046 4367 verbo
1059 4299 1273 4375 maronianum
1285 4304 1372 4368 istud
