3330 5262
850 638 914 700 380

318 821 397 901 ίροως
426 821 457 888 δὲ
487 822 528 887 οἱ.
542 869 550 886 .
565 868 594 885 ..
628 823 670 884 54
700 820 713 884 ί
744 819 852 897 μέντοι.
883 819 1007 886 Deinde
1030 821 1161 886 ethaeo
1185 821 1361 886 molestiam
1383 843 1443 906 pa-

317 939 423 1001 riunt:
447 937 487 1000 51
511 933 705 1008 ἀπολιπόντες
727 931 793 998 ἔνύα
816 932 1074 1015 παρατεταγμένοι
1097 928 1183 1008 ἦσαν,
1205 934 1262 999 ubi
1280 935 1442 1000 excidisse

318 1053 446 1115 videtur
474 1055 545 1134 post
567 1047 779 1119 οίπολιπύντεςι
803 1046 869 1120 τοὺς
893 1045 1013 1128 λόφους.
1039 1050 1080 1112 52
1104 1045 1156 1111 καί
1179 1047 1239 1112 aiud
1262 1047 1363 1111 τούτου
1389 1052 1444 1113 τοῦ

319 1163 413 1245 λύφον
435 1161 603 1244 ε’τροίπκσαν
626 1162 650 1227 οἱ
669 1162 816 1239 Θνβαῖοιι
839 1183 905 1226 non
926 1163 1012 1227 enim
1023 1164 1058 1226 in
1072 1162 1335 1246 praecedentibus
1345 1163 1447 1226 οικίιιε

320 1278 411 1343 collis
439 1276 477 1342 fit
509 1278 637 1360 mentio,
668 1277 723 1341 sed
754 1276 907 1360 leguntur
937 1276 1031 1340 haeo:
1064 1255 1088 1338 οί
1111 1272 1209 1352 μέντοι
1233 1274 1362 1352 Θηβαῖοι
1385 1275 1447 1340 ἀπὸ

320 1394 377 1456 τῶν
399 1388 499 1471 λόφων
522 1389 562 1453 τίι
585 1389 694 1471 δόρατα
717 1385 905 1468 ἕξιίκοντιζον.

365 1505 422 1587 IV,
446 1505 496 1567 54.
522 1500 657 1583 Θρασέας
681 1502 711 1565 δὲ
735 1501 1021 1583 παρακολουθούντων
1043 1504 1100 1564 τῶν
1123 1504 1307 1574 πελταστῶν,
1329 1498 1353 1565 οἳ
1371 1496 1447 1575 ἦσαν

321 1614 486 1697 μισθοφόροι
509 1621 571 1688 τοῖς
596 1613 748 1692 Θηβαίοις,
773 1612 825 1679 καί
848 1615 896 1678 τὸν
919 1613 1051 1695 Χαβρίαν
1076 1613 1310 1688 ιἰνακαλούντων,
1331 1612 1373 1678 ύτι
1394 1617 1448 1679 οὐκ

322 1729 465 1804 ἠκολούθει
496 1730 556 1794 κτὲ.
590 1729 812 1813 Suspicionem
842 1734 949 1794 movet
976 1728 1111 1794 verbum
1134 1725 1367 1801 οίνακαλούντων,
1393 1731 1449 1792 oui

322 1847 429 1929 inepte
456 1845 589 1908 rationis
613 1842 792 1907 reddendae
815 1862 912 1907 causa
935 1843 1098 1906 adduntur
1120 1842 1219 1907 verba
1241 1838 1283 1905 ίτι
1305 1843 1357 1906 ούκ
1379 1843 1448 1915 ἠκο-

323 1955 423 2022 λούύει.
448 1957 636 2042 Requiritur
657 1956 739 2020 fere:
763 1954 902 2035 προδότιν
924 1953 1159 2020 ιίποκαλούντων.

368 2072 424 2155 IV,
448 2072 499 2136 66.
527 2072 711 2136 Timotheus
736 2072 943 2136 Atheniensis
967 2091 1041 2135 oum
1065 2071 1166 2134 elassa
1189 2075 1300 2135 eontra
1323 2070 1451 2156 Sparta-

323 2207 382 2252 nos
404 2188 524 2252 missus
543 2187 710 2250 victoriam
729 2190 877 2270 reportat,
896 2182 949 2247 καί
968 2182 1101 2265 τρύπαιον
1121 2181 1241 2257 ἔστησεν
1261 2185 1290 2247 ἕν
1309 2182 1449 2267 Ἀλυζίρι.

324 2300 518 2365 Nicoloohus
542 2307 648 2365 autem
673 2301 741 2363 dux
766 2300 996 2384 Spartanorum
1018 2296 1249 2375 ἀνειλκυσμένων
1272 2301 1328 2361 τῶν
1352 2306 1451 2376 Τιμο-

324 2410 383 2477 ύεόυ
412 2416 478 2476 νεῶν
509 2411 561 2476 καί
588 2409 864 2492 ἐπισκευαζομένων,
889 2409 954 2474 ε’πεί
982 2409 1185 2490 προσεγένοντο
1210 2410 1289 2490 αύτῷ
1312 2409 1343 2473 αἱ
1366 2410 1452 2488 Ἀρι·

325 2525 511 2607 βρακιύτιδες
546 2523 578 2600 ἓξ
607 2526 733 2606 τριήρεις,
765 2524 814 2590 ε’πί
845 2524 897 2597 τίρν
922 2522 1065 2603 Ἀλυζίαν
1088 2521 1237 2588 ἔπλευσεν.
1263 2523 1342 2600 Quis
1366 2524 1452 2589 ferre

324 2647 428 2726 potest
447 2641 544 2706 verba
564 2661 647 2726 quae
666 2642 716 2706 his
737 2661 755 2704 a
775 2640 872 2705 sciolo
892 2640 998 2704 addita
1018 2646 1111 2703 sunt:
1130 2632 1241 2712 ἔνύαῆν
1253 2637 1267 2701 o‘
1279 2637 1449 2715 Τιωίύεοςῗ

761 3132 934 3198 LIBER
966 3133 1023 3197 VI.

375 3324 477 3408 Caput
498 3324 524 3406 I,
549 3325 576 3386 5.
603 3323 739 3406 „Senias
761 3321 883 3387 habeo''
903 3324 948 3386 ita
968 3321 1008 3385 ad
1027 3321 1236 3402 Polydamam
1249 3320 1453 3385 Pharsaliam

328 3439 475 3522 loquitur
504 3437 599 3501 Iason
629 3437 792 3501 Pheraeus
823 3436 1004 3520 „plurimas
1027 3435 1250 3517 maximasque
1271 3433 1453 3498 Thessaliae

330 3553 495 3616 civitates:
519 3547 770 3629 κατεστρεψοίροκν
795 3548 826 3612 δὲ
848 3547 945 3620 αύτοὶς
969 3546 1049 3624 ὑμῶν
1073 3545 1124 3609 σὺν
1148 3545 1258 3616 αύταῖς
1276 3544 1317 3608 τίι
1335 3544 1455 3608 ἐναντία

325 3663 390 3743 ἐμοὶ
423 3662 691 3745 οτρασευομένων”.
715 3663 929 3728 Vehementer
952 3661 1062 3726 dubito
1087 3681 1166 3724 num
1190 3660 1271 3724 bene
1295 3659 1454 3724 Graecum

323 3781 364 3844 sit
400 3777 440 3841 τίκ
470 3776 587 3841 ἐναντία
619 3775 837 3857 στρατεύεσύαι.
870 3776 1005 3840 Rectum
1038 3779 1136 3840 esset:
1170 3772 1210 3836 τοὶ
1240 3771 1357 3836 ε’ναντία
1386 3771 1454 3848 ἐμοὶ

330 3889 524 3973 πραττόντων,
559 3897 656 3977 atque
687 3890 845 3956 eiusmodi
877 3890 999 3973 aliquid
1030 3889 1081 3952 hio
1113 3889 1189 3951 olim
1212 3887 1330 3951 lectum
1353 3885 1455 3950 fuisse

324 4010 476 4092 suspicor.

373 4120 398 4202 Ι,
424 4123 452 4184 8.
478 4120 676 4184 Persuadere
698 4118 891 4199 Polydamas
915 4117 1079 4181 Pharsalio
1104 4121 1238 4179 conatur
1256 4114 1353 4179 Iason
1374 4113 1457 4177 Phe-

327 4252 422 4297 raeus
452 4237 489 4296 ut
523 4253 582 4296 sua
605 4233 736 4296 adiuvet
759 4231 901 4313 consilia,
925 4231 1051 4294 dioens:
1080 4231 1192 4311 „novi,
1214 4228 1400 4309 Polydama,
1424 4234 1457 4290 te

332 4346 419 4431 apud
448 4347 534 4410 aives
564 4352 637 4410 tuos
670 4347 704 4409 in
736 4364 864 4409 summo
888 4344 1008 4408 honoro
1031 4362 1116 4408 esse:
1142 4344 1169 4406 si
1194 4361 1270 4426 ergo
1295 4341 1457 4404 civitatem
