3352 5260
772 585 774 592 ⁵
885 635 949 700 114

353 821 406 886 vel
436 840 515 886 casu
545 820 584 884 ad
615 839 690 885 eum
720 820 837 884 ductus
867 825 925 902 est,
946 821 980 884 in
1006 839 1103 904 quem
1126 839 1237 885 omnes
1261 839 1336 885 suas
1360 821 1480 905 cogita-

353 935 466 1015 tiones,
503 952 630 997 omnem
662 932 812 1014 laborem,
842 951 936 997 omne
962 933 1136 1016 ingenium,
1160 933 1189 996 si
1213 932 1300 1016 quod
1323 937 1379 1014 est,
1402 952 1478 996 con-

355 1051 465 1129 vertat,
498 1045 590 1109 illum
624 1065 666 1110 ne
698 1047 732 1110 in
768 1047 904 1109 minima
936 1045 1066 1130 quidem
1098 1064 1133 1110 re
1163 1045 1361 1130 negligenter
1384 1065 1479 1130 agere

353 1159 437 1240 licet,
469 1158 534 1241 sed,
565 1159 593 1222 si
623 1157 676 1224 vel
705 1177 810 1222 unum
834 1157 969 1222 verbum
994 1159 1023 1222 ei
1046 1158 1099 1222 vel
1122 1159 1228 1242 inepte
1250 1158 1304 1222 vei
1325 1157 1478 1242 languide

353 1274 494 1358 positum
530 1273 686 1355 videatur,
719 1274 860 1358 primum
896 1271 975 1356 quid
1008 1273 1042 1335 in
1074 1291 1111 1335 eo
1142 1271 1308 1356 displiceat
1338 1276 1478 1337 statuere

355 1383 457 1466 debet,
490 1386 605 1450 deinde
636 1389 746 1450 utrum
776 1385 858 1449 illud
888 1386 1003 1449 vitium
1028 1385 1174 1469 scriptori
1194 1386 1258 1468 ipsi
1281 1404 1321 1448 an
1345 1384 1477 1448 librario

355 1499 397 1562 sit
431 1497 655 1582 imputandum
691 1516 801 1562 secum
837 1496 1027 1577 deliberare;
1064 1498 1092 1561 si
1126 1499 1262 1581 scriptor
1290 1497 1358 1580 ipsc
1383 1496 1478 1581 culpa

355 1629 479 1674 vacuus
508 1610 663 1693 videatur,
694 1609 844 1674 omnibus
869 1611 972 1674 modis
995 1608 1208 1691 efficiendum,
1232 1627 1272 1674 ne
1296 1609 1392 1673 alieni
1418 1611 1479 1672 cri-

354 1723 451 1786 minis
485 1741 604 1807 poenas
639 1723 709 1802 det;
744 1722 900 1806 patefacta
929 1721 1050 1786 librarii
1078 1721 1199 1804 fraude,
1231 1722 1309 1805 quid
1341 1723 1478 1806 scriptor

356 1836 479 1900 dederit
498 1836 733 1900 conficiendum
754 1842 817 1914 est3
838 1837 866 1900 si
878 1837 1062 1900 coniectura
1072 1855 1185 1918 parum
1199 1835 1358 1916 succedat,
1369 1839 1477 1899 tamen

354 1947 640 2012 demonstrandum
674 1953 730 2030 est,
766 1948 845 2031 quid
877 1948 1002 2013 fraudis
1033 1949 1190 2012 errorisve
1213 1967 1322 2012 ansam
1347 1948 1477 2012 dederit.

355 2059 447 2136 Quod
481 2063 510 2125 si
545 2063 618 2145 quis
648 2062 693 2124 ita
723 2060 941 2125 Memorabilia
962 2060 1056 2144 legat,
1079 2060 1150 2125 fieri
1172 2080 1237 2124 non
1260 2065 1372 2144 potest,
1396 2061 1477 2144 quin

354 2175 416 2238 hoc
439 2173 500 2238 sibi
524 2193 714 2257 persuasum
738 2172 861 2256 habeat,
885 2174 1050 2238 verissime
1072 2171 1275 2237 Dindorfium
1301 2178 1332 2238 et
1357 2172 1477 2237 Schen-

353 2287 456 2351 klium
491 2288 651 2369 statuisse,
683 2287 756 2350 illos
790 2286 888 2351 libros
920 2287 967 2351 sic
997 2307 1016 2350 a
1045 2285 1260 2369 Xenophonte
1291 2285 1386 2350 scribi
1410 2305 1476 2350 non

354 2401 506 2483 potuisse,
537 2419 579 2464 ne
611 2400 714 2464 dicam
744 2401 779 2463 in
808 2400 914 2464 lucem
937 2400 995 2464 edi.
1018 2398 1068 2464 Ne
1093 2402 1166 2483 quis
1189 2405 1296 2464 autem
1320 2401 1475 2484 cupidum

355 2531 407 2576 me
436 2512 576 2576 iudicem
607 2531 677 2576 esse
706 2517 805 2596 putet,
837 2531 889 2577 me
919 2517 950 2576 et
972 2514 1078 2595 ipsum
1101 2513 1241 2576 invitum
1265 2517 1296 2576 et
1317 2513 1476 2578 reluctan-

353 2629 417 2687 tem
440 2623 569 2688 illorum
592 2626 781 2689 sententiam
804 2625 956 2709 probasse
978 2627 1023 2688 ita
1045 2625 1279 2708 demonstrabo,
1299 2631 1336 2690 ut
1355 2645 1373 2689 e
1393 2625 1474 2690 libro

354 2735 517 2800 Schenklii
543 2738 581 2816 (is
604 2738 688 2800 enim
709 2735 866 2802 Diodorfii
886 2737 1123 2803 observationes
1136 2738 1323 2820 defendisse,
1336 2741 1477 2821 auxisse,

354 2850 532 2913 correxisse
564 2850 719 2914 dicendus
749 2852 807 2931 est)
837 2850 994 2915 nonnulla
1015 2871 1200 2935 proponam,
1222 2854 1255 2914 in
1281 2852 1400 2936 quibus
1425 2853 1478 2917 vel

354 2983 477 3028 errasse
500 2963 552 3028 vel
573 2964 670 3028 nimis
694 2983 803 3028 severe
825 2965 984 3029 iudicasse
1004 2966 1109 3028 virum
1130 2965 1345 3030 clarissimum
1356 2957 1476 3050 putem.

354 3075 463 3163 Pauca
497 3076 629 3160 quidem
663 3096 701 3141 ea
735 3082 820 3160 sunt,
849 3095 956 3161 neque
985 3083 1101 3160 tamen,
1132 3082 1170 3142 ut
1199 3079 1320 3162 opinor,
1343 3098 1476 3162 prorsus

356 3189 595 3253 contemnenda.

399 3302 424 3365 I.
456 3301 602 3367 Graviter
633 3303 861 3387 interpolatum
893 3323 963 3369 esse
993 3304 1183 3369 Schenklius
1207 3312 1316 3370 censet
1340 3307 1426 3388 quod
1451 3305 1478 3390 I,

357 3417 387 3499 2,
421 3417 440 3478 5
475 3416 609 3500 legitur:
646 3417 677 3480 υέι
713 3416 768 3494 μὲν
802 3417 865 3481 οὐδὲ
897 3415 1152 3498 ἐρασιχρημάτους
1184 3441 1220 3496 με
1249 3417 1315 3490 τοὺς
1338 3415 1478 3491 συνόντας

355 3526 452 3592 ἐποίει·
480 3531 537 3593 τῶν
560 3525 615 3606 μὲν
638 3527 696 3609 γὰρ
719 3527 819 3593 ἄλλων
841 3530 996 3607 ἐπιθυμιῶν
1019 3526 1119 3604 ducos,
1143 3529 1210 3603 τοὺς
1231 3528 1262 3594 δέ
1285 3530 1389 3595 ἑαυτοῦ
1413 3531 1478 3594 ἐπι-

355 3641 520 3718 θυμοῦνται
543 3641 595 3704 οὐκ
618 3637 778 3721 ἐπράττετο
801 3641 959 3721 χρήματα.
980 3641 1070 3706 Haec
1089 3644 1174 3706 enim
1192 3644 1262 3707 eius
1274 3643 1371 3708 verba
1383 3650 1477 3708 sunt:

358 3760 533 3836 „narratur
555 3754 616 3838 hic,
641 3756 800 3839 quomodo
825 3755 971 3820 Socrates
995 3755 1066 3821 aliis
1089 3756 1237 3840 exemplo
1261 3756 1367 3820 fuerit.
1392 3755 1479 3834 Quid

355 3885 430 3951 ergo
461 3864 524 3932 'sibi
555 3869 669 3933 volunt
699 3868 797 3934 verba
825 3871 880 3932 τῶν
902 3868 957 3946 μὲν
980 3871 1037 3950 γὰρ
1059 3868 1159 3936 ἄλλων
1181 3869 1337 3947 ἐπιθυμιῶν
1360 3867 1477 3938 draus?

359 3977 421 4055 Qui
444 3980 508 4045 illis
532 3985 636 4065 potest
659 3981 787 4066 probari
805 3983 846 4060 id,
860 3983 946 4067 quod
959 3983 1175 4048 demonstrare
1187 3983 1257 4047 vnit
1268 3982 1478 4068 Xenophon?

355 4091 560 4177 Requiritur:
587 4114 689 4178 quum
713 4094 847 4161 aliarum
870 4115 989 4178 rerum,
1007 4101 1076 4160 tum
1096 4097 1251 4180 pecuniae
1270 4096 1479 4180 cupiditatem

357 4206 468 4270 amicis
492 4207 560 4271 suis
584 4207 744 4272 eximebat
767 4207 912 4274 Socrates
936 4228 962 4274 e.
975 4230 1003 4293 q.
1016 4208 1062 4273 s.''
1086 4207 1166 4272 Mihi
1189 4208 1286 4273 verba
1305 4210 1480 4273 citatanon

331 4323 424 4384 tam
459 4318 599 4385 absurda
632 4321 783 4386 videntur
817 4343 914 4407 quam
949 4322 1128 4388 Schenklio.
1158 4321 1243 4386 Puto
1273 4323 1359 4386 enim
1389 4323 1480 4387 hunc
