3348 5262
880 647 945 712 250

385 837 459 920 VH,
484 837 511 900 l.
541 836 573 900 οὐ
597 833 689 900 τίνων
712 832 823 915 ὑφίετο,
847 835 879 900 οὐ
902 833 1036 900 κινδύνων
1059 833 1223 916 ιίφίστοιτο,
1247 837 1278 900 οὐ
1302 834 1471 917 χρημάτων

341 950 487 1031 ἐφείδετο,
511 950 543 1014 οὐ
567 952 657 1026 roua
679 949 710 1012 οὐ
733 954 827 1029 ripas
849 946 1075 1028 τοοῦφοισίζετο.

385 1063 445 1146 XI,
478 1065 505 1127 7.
539 1059 613 1140 ἔγνω
646 1059 688 1125 ὅτι
711 1057 824 1141 ι’ίρμοιτι
849 1059 903 1138 μὲν
927 1059 1048 1133 νικήσας
1071 1061 1138 1134 τοὺς
1162 1061 1278 1135 ἰδιώτας
1302 1063 1383 1127 οὐδὲν
1406 1065 1467 1128 δνο-

341 1173 519 1256 μοιστίτερος
551 1172 589 1238 ίιν
623 1173 742 1251 γένοιτο,
778 1173 801 1236 εί
836 1173 867 1237 δὲ
897 1173 989 1254 φίλην
1021 1172 1079 1252 μὲν
1109 1172 1227 1238 τιίντοιν
1254 1175 1392 1253 prolatura
1413 1177 1468 1250 rhu

339 1287 422 1352 πόλιν
446 1285 519 1366 ἔχοι,
543 1284 698 1358 πλείστους
721 1283 753 1349 δὲ
776 1284 881 1367 Φίλονο
904 1285 956 1350 κοοί
980 1287 1112 1367 ιὶρίστους
1136 1286 1196 1352 aiod
1215 1291 1316 1352 τοῖσκν
1336 1288 1389 1361 τὴν
1408 1296 1466 1366 γῆν

338 1408 471 1482 κεκτῇτο,
506 1395 590 1480 νικῴη
621 1398 652 1462 δὲ
685 1397 739 1471 τὴν
769 1398 825 1476 μὲν
848 1399 983 1480 τοιτρίδιι
1006 1399 1146 1472 καὶτοὺς
1169 1399 1275 1482 φίλους
1298 1403 1465 1484 εὐεργετῶν,

340 1512 407 1585 τοὺς
429 1513 461 1577 δὲ
484 1510 665 1584 οὶντιτοίλονο
687 1509 901 1591 τιμωρούμενος
925 1512 985 1576 κτέ.

381 1627 441 1710 XI,
465 1628 494 1689 4.
518 1623 598 1699 ἤσκει
632 1624 663 1689 δὲ
693 1620 841 1702 ἐξομιλεῖν
870 1624 926 1702 μὲν
957 1625 1170 1701 τιιντοδοιτοῖς,
1194 1628 1321 1708 miclau
1344 1628 1376 1692 δὲ
1400 1636 1463 1701 τοῖς

341 1742 476 1819 ripariola.

383 1855 436 1918 Ex
458 1855 619 1920 Isocrateo
641 1855 769 1919 officina
791 1854 946 1939 profectas
970 1874 1042 1920 esse
1063 1855 1141 1919 mihi
1160 1856 1262 1920 videri
1281 1857 1466 1921 istiusmodi

341 1963 515 2033 sententias
545 1973 611 2032 tam
642 1968 812 2033 artificiose
838 1974 870 2034 et
892 1971 1066 2052 composite
1089 1969 1129 2033 ad
1152 1989 1303 2035 numeros
1327 1975 1468 2053 exactas

341 2083 428 2146 haud
465 2084 587 2147 veritus
622 2101 695 2146 sum
730 2083 895 2166 proloqui:
932 2084 999 2146 vim
1034 2083 1120 2147 enim
1154 2083 1314 2166 quandam
1348 2083 1469 2148 habent

343 2195 560 2281 soporiferam,
584 2216 648 2279 qua
670 2197 738 2278 ipse
760 2195 917 2260 Isocrates
937 2199 1063 2260 mnium
1082 2196 1176 2279 valet,
1196 2200 1234 2260 ut
1253 2197 1311 2280 qui
1323 2197 1468 2280 aliquam

341 2312 412 2376 eius
442 2311 616 2373 orationem
641 2309 791 2392 deinceps
813 2309 975 2392 perlegere
998 2313 1132 2374 conetur
1155 2309 1326 2393 obrepente
1349 2329 1467 2375 somno

341 2426 469 2508 saepius
499 2423 654 2507 propositi
689 2423 741 2486 sui
771 2422 987 2487 obliviscatur.
1009 2421 1125 2506 Neque
1147 2423 1338 2488 sententiam
1361 2443 1468 2488 meam

340 2539 477 2601 mutavit
500 2536 618 2600 Blassii
641 2537 821 2619 auctoritas,
845 2537 959 2620 quiin
982 2535 1064 2599 libro
1089 2537 1128 2600 de
1151 2537 1333 2620 eloquentia
1356 2538 1468 2604 Attica

340 2649 393 2733 (II,
416 2650 492 2730 451)
515 2650 576 2712 hoc
599 2648 711 2713 saltem
730 2653 876 2712 constare
895 2648 1040 2730 affirmat,
1062 2668 1125 2712 non
1147 2649 1186 2713 ab
1205 2649 1356 2714 Isocratis
1369 2650 1467 2714 disci-

340 2763 416 2847 pulo
439 2764 626 2847 Agesilaum
651 2782 721 2828 esse
744 2765 972 2847 conscriptum,
992 2769 1157 2848 propterea
1176 2765 1264 2848 quod
1283 2766 1317 2827 in
1331 2784 1368 2829 eo
1380 2765 1466 2831 libro

340 2894 405 2938 non
430 2877 506 2940 satis
529 2876 649 2939 vitetur
671 2875 829 2939 vocalium
854 2895 1041 2958 concursus,
1061 2877 1187 2959 aliaque
1206 2878 1364 2942 eiusmodi
1384 2879 1466 2943 vitia

338 2990 556 3073 reperiantur:
582 2988 697 3053 deinde
720 2988 808 3052 addit
831 3009 897 3052 non
921 2989 1100 3073 essequod
1123 2990 1162 3054 de
1184 2990 1285 3055 libelli
1308 2993 1466 3075 scriptore

341 3103 397 3166 diu
420 3103 624 3185 multumque
649 3120 858 3185 quaeramus;
883 3102 963 3165 nihil
986 3104 1072 3167 enim
1092 3102 1218 3168 obstare
1237 3106 1410 3188 quominus
1421 3105 1465 3169 ab

339 3218 410 3300 ipso
432 3214 647 3299 Xenophonte
668 3216 880 3298 compositum
899 3233 1096 3280 censeamus.
1116 3215 1189 3280 Nisi
1208 3235 1248 3281 ex
1261 3219 1331 3302 ipso
1344 3217 1466 3282 Blassii

338 3328 420 3392 libro
443 3332 618 3412 appareret,
639 3333 746 3392 temen
769 3332 806 3393 ut
828 3330 953 3411 opinor,
976 3348 1063 3392 unus
1089 3331 1227 3412 quisque
1249 3329 1342 3394 facile
1362 3332 1465 3394 conii-

339 3442 452 3506 oiendo
487 3446 627 3506 statuere
657 3446 765 3525 posset
795 3441 872 3506 haec
903 3443 1008 3505 virum
1039 3443 1254 3507 clarissimum
1285 3445 1464 3528 scripsisse,

340 3576 440 3640 quum
465 3555 504 3619 ab
528 3555 658 3620 assidua
680 3555 829 3620 Isocratis
853 3556 990 3620 lectione
1011 3575 1123 3620 recens
1147 3562 1239 3620 esset.

383 3669 498 3754 Neque
529 3668 634 3734 solum
657 3671 890 3733 sententiarum
913 3670 1144 3733 nonnullarum
1167 3669 1337 3734 artificiosa
1360 3676 1466 3736 struc-

302 3777 305 3782 ’
338 3789 411 3848 tura
444 3782 528 3865 facit,
562 3787 599 3846 ut
632 3781 775 3865 Agesilai
807 3784 993 3865 scriptorem
1025 3784 1144 3847 sentias
1176 3802 1242 3847 non
1265 3803 1336 3849 esse
1359 3805 1401 3850 ex
1423 3806 1465 3852 eo

339 3896 506 3960 hominum
540 3914 666 3979 genere,
700 3913 718 3958 e
753 3915 816 3977 quo
847 3894 909 3958 fuit
931 3894 1135 3978 Xenophon:
1158 3897 1259 3980 magis
1283 3897 1377 3962 etiam
1402 3899 1465 3965 hoc

339 4015 468 4093 apparet
500 4029 542 4073 ex
572 4010 767 4073 ornamentis
792 4008 986 4092 quibusdum
1010 4008 1219 4092 flosculisque
1242 4013 1398 4094 oratoriis,
1420 4032 1465 4078 ex

336 4122 533 4206 imaginibus
567 4122 850 4207 locutionibusque
884 4122 1159 4206 exquisitioribus,
1193 4122 1245 4187 vel
1280 4125 1388 4206 potius
1419 4145 1463 4191 ex

336 4234 465 4298 illarum
499 4254 607 4300 rerum
643 4236 749 4320 copia;
784 4255 848 4300 non
881 4238 967 4300 enim
996 4234 1120 4319 negabo
1152 4254 1261 4299 earum
1285 4237 1462 4302 nonnullas

338 4366 418 4431 esse,
439 4368 576 4431 quarum
596 4348 716 4412 similes
736 4349 788 4411 hic
807 4347 872 4410 illio
888 4349 922 4411 in
934 4349 1085 4432 genuinis
1096 4347 1321 4432 Xenophontis
1333 4350 1462 4434 scriptis
