3354 5268
749 637 789 698 75

197 818 338 900 ruptclae
371 819 534 883 indicium.
564 818 685 884 Docere
716 822 801 884 enim
834 821 904 886 vult
932 820 1113 906 Xenophon
1144 827 1176 885 ct
1200 821 1313 885 leniter

196 931 426 1015 reprehendere
446 933 527 1014 illos,¹
547 936 603 1016 qui
624 936 732 998 minus
753 955 848 1018 quam
868 937 937 1020 ipse
949 939 1137 999 moveantur
1150 937 1315 1018 portentis,

198 1047 341 1127 somniis,
364 1047 535 1129 ominibus,
558 1067 658 1130 eaque
681 1049 853 1130 derideant,
874 1069 955 1133 quac
973 1043 1035 1133 ipsi
1048 1050 1214 1112 manifesta
1225 1049 1313 1112 vidc-

198 1166 294 1223 antur
328 1160 459 1223 deorum
491 1160 664 1224 voluntatis
698 1163 797 1244 signa.
821 1161 988 1225 Somnium
1012 1169 1128 1243 autem,
1153 1162 1239 1245 quod
1263 1162 1314 1224 hic

198 1271 378 1356 Xenophon
412 1261 527 1354 narrat,
558 1295 576 1336 a
607 1276 720 1338 ceteris
750 1294 815 1338 non
840 1280 888 1338 θεῖ
911 1294 970 1338 sua
993 1283 1108 1338 natura
1132 1275 1313 1338 diversum:

200 1386 316 1469 quodsi
355 1388 535 1451 narratione
576 1407 635 1451 sua
672 1389 731 1451 hoc
771 1389 987 1452 demonstrare
1026 1388 1129 1470 vellet,
1168 1387 1317 1452 eiusmodi
1370 1435 1372 1437 -

199 1501 360 1563 somnium
391 1501 524 1564 maximi
554 1519 626 1564 esse
654 1503 814 1582 momenti,
845 1521 910 1565 non
935 1501 1073 1565 multum
1097 1502 1253 1565 conferret
1274 1501 1314 1565 ad

199 1612 363 1676 hominurn
398 1613 493 1677 fidem
524 1614 703 1698 augendam
728 1620 757 1679 et
780 1614 1052 1678 corroborandam.
1078 1612 1203 1689 Quotus
1229 1615 1315 1678 enirn

201 1727 339 1809 quisque
368 1732 425 1807 est,
456 1728 508 1788 cui
538 1728 572 1789 in
604 1746 715 1790 somno
751 1727 865 1792 domus
889 1732 1027 1810 patema,
1051 1728 1089 1791 de
1113 1728 1199 1792 coelo
1223 1731 1315 1809 tacta,

138 1818 141 1822 ¹
200 1839 310 1903 ardere
332 1839 501 1902 rideatur?
526 1838 648 1902 Verum
672 1859 821 1924 expunge
844 1840 940 1903 verba
962 1837 1027 1920 drap
1050 1839 1128 1912 ἰδεῖν,
1150 1843 1316 1923 perspicua

201 1945 260 2015 erit
291 1953 453 2036 scriptoris
478 1955 644 2035 sententia,
668 1954 829 2036 simulque
844 1953 1023 2037 apparebit,
1048 1955 1206 2038 quomodo
1228 1953 1316 2018 istud

202 2067 453 2131 additamentum
478 2069 510 2130 ln
534 2073 659 2131 textum
682 2070 850 2151 irrepserit.
874 2069 982 2132 Verba
1004 2069 1037 2131 τὸ
1057 2071 1178 2132 τοιοῦτον
1198 2070 1317 2153 saepis·

202 2184 282 2246 sime
304 2184 349 2246 ita
370 2188 543 2266 ponuntur,
567 2189 603 2245 ut
628 2181 790 2246 referenda
812 2184 884 2264 sint,
908 2201 972 2245 non
995 2183 1035 2245 ad
1060 2183 1316 2266 unamaliquam

202 2314 278 2376 rem,
301 2315 382 2378 quae
405 2296 573 2380 praecedit,
598 2315 708 2360 verum
733 2296 772 2358 ad
796 2301 899 2359 totum
923 2295 1052 2379 aliquod
1075 2315 1183 2359 rerum
1204 2315 1317 2378 genus,

202 2413 295 2472 cuius
317 2409 412 2493 paulo
436 2415 508 2473 ante
532 2410 714 2493 exemplum
734 2415 782 2473 est
800 2411 946 2492 positum.
967 2409 1141 2472 Rarissime
1162 2416 1267 2473 autem
1280 2428 1317 2472 ea

203 2521 301 2586 rerba
332 2522 454 2585 librarii
484 2524 746 2606 grammaticique
775 2525 893 2586 intacta
923 2523 1129 2606 relinquunt:
1154 2529 1208 2586 eut
1232 2523 1317 2585 enim

202 2654 268 2698 non
304 2635 488 2718 intelligunt
520 2642 551 2699 θῖ
582 2642 699 2699 temere
731 2640 864 2719 mutant,
888 2640 944 2699 aut
965 2637 1027 2719 ipsi
1051 2635 1179 2718 quidem
1202 2635 1319 2698 intelli-

202 2754 293 2832 gunt,
335 2749 390 2813 scd
434 2748 587 2812 lectorum
623 2751 727 2832 gratia
760 2750 995 2813 annotationem
1030 2748 1203 2830 ascribunt,
1237 2768 1319 2831 quae

203 2869 312 2947 postea
334 2865 369 2925 in
392 2868 516 2927 textum
541 2855 699 2947 recipiturss
722 2862 839 2927 Utrum
858 2864 938 2946 loco,
959 2865 1073 2946 dequo
1086 2863 1319 2945 nuncagimuS,

205 2977 363 3058 acciderit,
394 2979 451 3039 vix
483 2997 563 3061 opus
594 2983 641 3040 θεῖ
666 2977 785 3040 dicere:
811 2979 883 3061 quis
909 2979 993 3040 enim
1016 2996 1081 3039 non
1104 2975 1199 3057 videt,
1223 2974 1320 3038 verba

204 3087 270 3170 drap
301 3089 370 3152 ἰδεῖν
393 3091 468 3153 olim
491 3092 526 3153 in
551 3091 693 3173 margine
715 3090 815 3154 fuisse
839 3089 997 3173 adscripta
1021 3091 1061 3153 ad
1086 3089 1320 3173 explicandum,

206 3204 282 3287 quid
305 3211 388 3268 esset
411 3203 443 3267 τὸ
465 3204 612 3268 rorodroa‘?
635 3202 718 3266 Nam
739 3204 798 3267 hoc
816 3203 996 3288 Xenophon
1018 3203 1102 3267 vult:
1123 3205 1225 3285 exile,
1238 3222 1320 3286 quae

205 3323 276 3402 post
305 3320 466 3382 somnium
497 3317 689 3398 acciderunt,
712 3317 820 3381 ridere
841 3323 939 3401 potes,
965 3319 1155 3401 quantavis
1179 3319 1219 3381 sit
1240 3317 1321 3380 clas·

205 3433 287 3496 modi
307 3452 414 3496 reram
438 3433 458 3494 i.
473 3450 497 3494 e.
521 3450 587 3494 non
610 3435 734 3494 tantum
760 3433 966 3512 somniorum,
990 3431 1044 3496 sed
1068 3432 1162 3495 etiem
1185 3430 1321 3492 aliorum

207 3546 433 3611 miraculorum
457 3550 751 3629 portentorumque.
774 3543 878 3608 Lubet
900 3545 952 3608 hic
975 3545 1071 3608 alium
1091 3563 1132 3608 ex
1151 3544 1211 3607 alio
1224 3545 1321 3626 scrip

206 3665 273 3724 tore
296 3661 402 3722 locum
427 3658 546 3739 afferre,
571 3677 666 3741 quern
691 3658 765 3721 olim
790 3659 866 3722 satis
885 3658 1027 3740 feliciter,
1045 3664 1082 3720 ut
1102 3658 1180 3720 mihi
1192 3656 1321 3740 quidem

206 3772 325 3852 videor,
348 3771 523 3853 emendavi,
548 3773 624 3855 quia
644 3773 689 3836 sic
709 3777 739 3835 et
759 3773 889 3835 alterius
909 3771 1103 3854 corruptelae
1121 3770 1321 3834 luculentum

208 3884 288 3948 dabo
323 3884 514 3968 exemplum.
550 3884 649 3968 Apud
678 3883 855 3948 Lucienum
885 3885 919 3946 in
950 3882 1133 3947 Alexandro
1158 3883 1176 3964 ᾖ
1202 3884 1220 3944 2
1244 3883 1322 3945 haec

208 3998 373 4082 leguntur:
413 4001 468 4079 „si
499 4001 571 4082 quis
603 4001 679 4063 vitio
710 3999 802 4063 nobis
834 3998 962 4080 dederit,
988 3998 1072 4081 quod
1095 3999 1233 4061 hominis
1256 4001 1322 4060 tam

208 4113 375 4198 profligati,
408 4134 504 4197 quam
535 4114 719 4178 Alexander
740 4114 812 4194 fuit,
834 4115 933 4175 vitam
956 4111 1092 4176 scribere
1116 4111 1323 4192 decrevimus

208 4222 311 4303 ἕξομεν
333 4223 383 4290 καὶ
406 4224 491 4289 αὐτοὶ
514 4227 543 4298 ἐς
567 4223 759 4306 παράδειγμά
781 4248 808 4288 τι
826 4228 951 4288 τοιοῦτον
971 4224 1142 4300 ἀνενεγκεῖν.
1165 4223 1322 4300 Quoniam

210 4344 317 4404 autem
339 4359 444 4424 neque
468 4339 626 4405 obiectum
651 4339 761 4404 abesse
782 4343 896 4424 potest,
920 4344 951 4403 θῖ
969 4337 1130 4402 Lucienus
1150 4339 1210 4404 hoc
1229 4338 1322 4404 dicit:
