3348 5262
863 615 927 680 300

328 801 509 886 praeterire,
541 819 583 866 ne
617 801 796 886 quidquam
830 802 866 864 in
898 799 1074 866 Hellenicis
1107 802 1338 885 relinquerem,
1368 804 1458 886 quod

328 915 405 978 satis
428 913 532 978 firmis
552 915 751 998 argumentis
776 914 910 997 probare
932 933 1061 997 possem
1083 934 1102 978 a
1121 913 1336 1002 Xenophonte
1356 917 1456 999 scrip

327 1032 397 1091 tum
424 1047 489 1091 non
513 1046 591 1092 esse.
615 1027 711 1092 Nunc
734 1046 800 1091 uno
827 1027 975 1112 exemplo
995 1027 1233 1111 demonstrabo,
1253 1048 1353 1112 quam
1375 1028 1457 1093 bene

328 1159 423 1224 saepe
452 1144 484 1204 et
513 1142 625 1205 lectori
656 1145 688 1206 et
719 1143 883 1225 scriptoris
914 1141 1020 1206 famae
1043 1143 1072 1206 is
1098 1141 1254 1224 consulat,
1280 1143 1338 1226 qui
1361 1162 1456 1208 aures

328 1253 521 1338 pulchrique
561 1253 726 1337 quendam
763 1273 896 1318 sensum
934 1253 1130 1318 consulendo
1165 1256 1454 1338 grammaticorum

328 1365 549 1430 additamenta
583 1366 731 1450 expellat,
766 1365 886 1450 quibus
921 1366 984 1430 loci
1019 1367 1158 1430 alicuius
1190 1369 1239 1430 vis
1263 1372 1295 1431 et
1316 1368 1456 1452 gravitas

329 1479 467 1562 tollatur,
510 1480 730 1563 orationisque
773 1482 905 1544 numeri
950 1485 1206 1563 corrumpantur.
1243 1479 1328 1565 Lege
1366 1481 1457 1563 mihi,

330 1613 459 1678 quaeso,
491 1595 600 1677 lector,
636 1595 714 1658 haec
749 1593 974 1678 Xenophontis
1010 1593 1116 1678 verba,
1146 1614 1213 1659 non
1244 1613 1286 1660 ex
1317 1594 1457 1659 editione

329 1707 446 1789 aliqua,
470 1707 526 1772 sed
551 1712 586 1771 ut
609 1726 667 1791 ego
691 1706 826 1791 legenda
849 1726 920 1772 esse
940 1707 1116 1772 contendo:
1136 1707 1166 1770 ἕν
1185 1706 1217 1771 δὲ
1238 1713 1305 1779 ταῖς
1316 1705 1457 1779 ’Λίιίναις

329 1824 382 1891 τῆς
406 1816 545 1898 Παροίλου
567 1817 751 1898 ἀφικομένης
772 1819 873 1892 νυκτὸς
892 1817 1011 1897 ἐλέγετο
1031 1819 1048 1892 a‘
1068 1816 1219 1900 ξυμφορα,
1240 1815 1291 1884 καί
1311 1819 1455 1897 talabot

328 1931 362 1996 ἐκ
384 1934 436 1995 τοῦ
464 1933 600 2011 Πειραιῶς
624 1930 673 1994 δια
695 1933 751 1995 τῶν
775 1935 894 2012 μακρῶν
917 1936 1024 2012 τειχῶν
1047 1932 1087 2005 είς
1110 1930 1188 1997 οίοτυ
1211 1932 1306 2006 διῆκεν
1328 1932 1341 1996 ὃ
1364 1929 1456 2013 ἕτερος

329 2157 360 2222 οὐ
390 2157 475 2235 μόνον
507 2155 574 2228 τοὺς
600 2155 794 2227 οίπολωλίτας
819 2159 997 2232 πενθοῦντες,
1021 2157 1106 2222 οίλλίι
1128 2157 1204 2222 πολὺ
1227 2161 1345 2238 μοίλλον
1369 2157 1456 2223 αὐτοί

329 2267 459 2343 ἑαυτούς,
484 2269 633 2335 πείσεσθαι
654 2269 818 2350 νομίζοντες
838 2264 883 2334 οἶα
901 2269 1039 2345 ἐποίησαν
1052 2270 1183 2344 Μηλίους
1197 2295 1229 2335 τε
1240 2270 1290 2334 καί
1303 2271 1457 2344 Ἰοτιαίους

328 2379 380 2446 καί
403 2381 577 2454 Σκιωναίους
600 2380 651 2446 καί
677 2380 854 2462 Τορωναίους
876 2381 927 2446 καί
949 2381 1112 2460 Αἰγινήτας
1132 2382 1181 2448 καί
1200 2381 1309 2456 ἄλλους
1329 2383 1457 2456 πολλοὺς

328 2499 385 2561 τῶν
416 2494 573 2570 ’.Ελλήνων
608 2495 713 2572 Quam
750 2499 876 2582 egregie
907 2498 985 2563 haec
1017 2498 1101 2562 dicta
1124 2503 1210 2582 sunt,
1233 2518 1332 2583 quam
1357 2499 1456 2563 artifi-

329 2611 415 2674 cioso
439 2608 630 2672 describitur
654 2610 706 2674 vel
729 2611 838 2694 potins
862 2611 1047 2696 depingitur
1071 2611 1321 2676 Atheniensium
1345 2611 1455 2677 luctus

330 2723 519 2805 metusque!
541 2719 647 2797 Quam
666 2723 1054 2808 temporihominurnque
1066 2724 1314 2808 cogitationibus
1327 2745 1455 2789 accom-

331 2836 460 2900 modata
483 2841 560 2899 sunt
582 2837 710 2899 omnia!
734 2835 839 2900 Nemo
863 2842 929 2902 tam
953 2838 1054 2902 durus
1074 2842 1208 2922 tamque
1220 2840 1327 2903 omnis
1340 2840 1456 2904 huma-

328 2951 437 3014 nitatis
462 2969 576 3033 expers
600 2969 670 3014 esse
693 2953 806 3033 potest,
826 2952 966 3034 quinon
987 2952 1066 3015 haec
1076 2952 1187 3036 legens
1200 2971 1297 3016 sensu
1311 2953 1455 3036 quodam

328 3063 563 3127 misericordiae
599 3067 631 3128 et
667 3062 894 3128 sollicitudinis
932 3069 1109 3128 moveatur.
1143 3064 1244 3130 Vides
1279 3066 1454 3129 hominnm

329 3175 573 3259 trepidationem
611 3176 857 3240 lamentationes
889 3175 991 3259 audis,
1022 3181 1054 3241 et
1082 3178 1117 3240 in
1149 3178 1311 3241 eiusmodi
1335 3183 1456 3243 terrore

329 3289 441 3371 augeri
465 3292 497 3351 et
519 3288 740 3372 ingravescere
765 3293 888 3353 metum
908 3290 1129 3355 recordatione
1147 3291 1353 3375 iniuriarum,
1373 3312 1456 3376 quas

330 3405 386 3464 aut
415 3403 478 3484 ipsi
501 3406 558 3464 ant
580 3406 685 3484 patres
709 3401 850 3484 fecerint,
874 3405 909 3465 in
933 3405 1151 3487 omniumque
1176 3424 1230 3468 ore
1254 3407 1376 3470 versari
1399 3426 1457 3471 ωο-

329 3515 418 3577 mino
441 3532 564 3597 eorum,
586 3515 621 3577 in
646 3534 728 3597 qnos
748 3516 809 3598 ipsi
828 3517 914 3579 iusto
934 3515 1057 3580 fuerint
1076 3517 1280 3601 crudeliores,
1291 3519 1455 3603 intelligis.

328 3628 437 3691 Pauca
464 3626 594 3710 quidem
623 3627 661 3691 de
684 3626 911 3710 Xenophontis
935 3631 1001 3692 vita
1024 3628 1186 3693 affirmare
1207 3629 1290 3711 licet,
1316 3607 1371 3695 sed
1394 3633 1457 3696 hoc

329 3746 461 3823 constat,
499 3742 555 3824 qui
588 3742 633 3804 ita
667 3742 839 3825 scripserit,
874 3741 978 3824 illum,
1010 3742 1089 3805 dum
1122 3744 1222 3807 tristis
1253 3746 1392 3808 nuntius
1415 3745 1457 3810 de

329 3855 450 3938 proelio
473 3854 512 3917 ad
535 3854 644 3937 Aegos
666 3853 792 3918 flumen
816 3853 981 3918 afferretur
1004 3855 1140 3920 Athenis
1160 3855 1269 3920 fuisse.
1289 3856 1352 3920 Fac
1365 3878 1457 3922 nunc

331 3987 378 4050 ea,
409 3986 492 4050 quae
523 3968 627 4050 citavi,
652 3968 754 4031 sicin
777 3966 859 4030 libro
883 3973 940 4031 tuo
963 3967 1036 4052 legi,
1060 3968 1268 4052 aliquemque
1290 3975 1321 4035 te
1344 3970 1456 4054 depre

328 4080 468 4144 bendere
491 4080 570 4144 haec
592 4086 665 4163 post
689 4080 788 4144 verba
812 4077 945 4152 Μνλίους
968 4102 1002 4142 τε
1026 4080 1279 4146 adscribentem:
1301 4082 1455 4147 Λακεδαι-

329 4191 431 4269 μονίων
465 4191 603 4265 οέποίκους
636 4190 723 4266 ὄντας
758 4193 959 4276 κρατήσαντες
992 4193 1157 4276 πολιορκίαι
1188 4214 1297 4260 nonne
1327 4196 1453 4280 alapam

328 4307 454 4370 homini
474 4305 624 4391 infligas?
