3352 5260
870 579 933 643 120

346 769 515 854 perfecisse
545 768 625 832 mihi
654 766 845 832 Schenhlius
869 767 995 831 videtur
1018 764 1105 850 quod
1126 765 1305 829 inchoavit:
1330 764 1361 828 οὐ
1385 762 1470 836 τέλος

345 878 421 946 ἵκετο
452 879 566 959 adden
598 881 701 944 multa
728 881 849 944 intacta
878 879 1017 962 reliquit,
1040 896 1123 962 quae
1145 877 1295 961 equidem
1318 876 1469 941 aXeuo-

345 994 465 1077 phonte
495 992 591 1057 scribi
620 1011 685 1056 non
717 994 860 1076 potuisse
882 996 914 1057 et
936 1009 1062 1075 semper
1083 990 1279 1072 crediderim,
1303 995 1334 1054 et
1356 992 1468 1054 eham-

347 1125 435 1172 nunc
465 1105 600 1170 credam.
622 1093 708 1189 Ergo
733 1104 772 1169 ab
795 1106 887 1169 initio
911 1103 1073 1169 adfinem
1096 1102 1316 1168 Memorabilia
1338 1122 1468 1186 percur-

345 1238 431 1284 ram:
453 1219 610 1303 quidquid
629 1220 775 1304 ineptum
793 1219 872 1282 mihi
892 1218 1040 1282 videatur
1057 1216 1215 1299 indicab0,
1234 1222 1266 1281 et
1281 1218 1327 1281 sic
1338 1216 1468 1281 taudem

346 1332 518 1416 ahquando
541 1351 578 1396 eo
601 1334 794 1416 perveniam,
816 1337 863 1415 ut,
886 1330 963 1416 quid
986 1332 1021 1394 in
1042 1328 1303 1394 Memorabilibus
1326 1328 1467 1394 scriben-

347 1446 397 1510 dis
420 1445 481 1510 sibi
504 1447 706 1529 proposuerit
727 1443 919 1530 Xenophon,
940 1443 1035 1529 paulo
1059 1444 1239 1508 accuratius
1259 1463 1355 1528 quam
1375 1448 1469 1507 antea

346 1577 507 1644 exponere
548 1560 677 1642 possim.
720 1557 782 1623 Sed
824 1563 995 1643 antequam
1028 1557 1117 1622 illius
1151 1575 1305 1622 censurae
1338 1558 1468 1621 initium

345 1671 458 1736 faciam
481 1691 585 1756 pauca
608 1670 765 1755 quaedam
787 1672 986 1756 praemonita
1007 1670 1112 1735 velim.

391 1783 440 1848 De
459 1784 559 1849 literis
580 1783 710 1850 Graecis
730 1787 787 1868 qui
805 1784 948 1849 iudicant
965 1785 1145 1850 mediocrem
1161 1785 1346 1869 scriptorem
1358 1783 1468 1848 Xeno·

347 1897 499 1981 phontem
527 1917 597 1963 esse
619 1899 718 1981 aiunt,
739 1917 845 1982 neque
866 1899 985 1962 iniuria
1008 1904 1044 1963 ut
1065 1899 1144 1962 mihi
1167 1899 1298 1982 quidem
1323 1899 1467 1962 videtur:

347 2009 448 2074 nolim
472 2011 557 2074 enim
581 2029 656 2075 eum
679 2012 798 2075 maiore
816 2010 911 2075 laude
932 2031 1029 2094 quam
1050 2031 1115 2095 qua
1134 2011 1251 2096 dignus
1271 2017 1319 2076 est
1336 2011 1470 2078 afficere.

347 2123 450 2190 Humi
473 2123 617 2189 ambulat
640 2127 710 2189 eius
733 2125 942 2209 philosophia,
965 2126 1005 2190 ad
1024 2125 1220 2190 Platonicam
1242 2126 1471 2192 sublimitatem

347 2257 389 2303 ne
418 2240 537 2323 aspirat
568 2239 706 2322 quidem,
736 2240 818 2303 nihil
843 2242 878 2302 iu
902 2241 971 2304 eius
995 2241 1120 2323 scriptis
1142 2240 1269 2324 legitur,
1293 2242 1381 2324 quod
1404 2260 1470 2305 non

346 2353 381 2414 iu
414 2351 600 2434 quotidiano
631 2352 797 2416 hominum
820 2371 966 2417 sermone
988 2353 1095 2416 locum
1119 2353 1235 2418 habere
1257 2355 1366 2438 possit,
1389 2353 1470 2416 nihil

347 2463 563 2546 magnifieum,
585 2464 666 2528 nihil
689 2466 833 2548 coeleste,
857 2467 937 2530 nihil
960 2467 1099 2550 denique
1121 2467 1289 2550 eiusmodi,
1313 2473 1348 2532 ut
1370 2469 1469 2552 scrip-

347 2582 448 2640 torem
479 2576 588 2640 divino
621 2579 759 2660 quodam
790 2580 904 2662 spiritu
935 2579 1078 2643 afflatum
1111 2579 1205 2644 dicas.
1237 2579 1338 2665 Saepe
1360 2587 1468 2646 temen

346 2688 574 2754 mediocritatis
598 2689 752 2754 vocabulo
776 2693 891 2754 vitium
915 2691 1121 2776 significatur,
1144 2712 1163 2755 a
1187 2713 1250 2776 que
1274 2713 1338 2757 non
1358 2700 1469 2780 poetas

348 2802 451 2868 solum
484 2804 540 2867 sed
569 2822 688 2887 omnes,
719 2805 777 2888 qui
807 2804 906 2869 libros
938 2824 1015 2870 suos
1036 2806 1071 2869 in
1093 2806 1196 2870 lucem
1221 2807 1329 2890 edunt,
1352 2807 1469 2873 liberos

348 2934 418 2980 esse
440 2921 471 2980 et
494 2916 539 2979 dii
561 2921 592 2980 et
614 2916 760 2981 homines
781 2916 910 2982 iubent:
935 2919 1022 2982 haud
1046 2939 1118 2983 raro
1141 2922 1226 2984 enim
1249 2922 1278 2984 is
1300 2921 1469 2986 mediocris

347 3028 531 3112 appellatur,
555 3032 612 3113 qui
635 3029 715 3093 nihil
738 3031 860 3114 habeat,
886 3052 949 3115 quo
973 3033 1117 3116 excellat,
1140 3035 1232 3098 cuius
1252 3036 1351 3097 oratio
1371 3035 1469 3099 inter-

348 3141 425 3204 dum
458 3141 602 3226 obscura,
625 3163 718 3227 saepe
740 3146 848 3229 inepta
870 3147 921 3228 sit,
944 3147 1086 3211 taedium
1109 3153 1235 3212 moveat
1260 3167 1391 3232 semper.
1415 3149 1468 3216 Ad

347 3254 435 3317 istud
466 3257 655 3338 scriptorum
687 3276 790 3340 genus
811 3257 1059 3342 Xenophontem
1081 3260 1284 3325 referendum
1306 3280 1376 3326 esse
1397 3282 1470 3346 per·

348 3369 494 3431 tinaciter
525 3387 614 3452 nego.
645 3369 819 3454 Perspicue
849 3374 934 3437 enirn
958 3378 989 3437 et
1012 3374 1173 3457 eleganter
1196 3374 1333 3440 seribere
1355 3382 1469 3462 potest,

349 3484 380 3544 et
409 3482 600 3546 narrationis
628 3483 796 3548 dulcedine
818 3485 967 3550 lectorem
992 3486 1150 3567 detinere;
1176 3489 1291 3571 quodsi
1315 3487 1469 3556 Graecam

347 3593 492 3677 linguam
522 3614 596 3659 cum
627 3597 840 3662 instrumento
872 3618 1054 3683 comparare
1084 3601 1167 3684 licet,
1198 3620 1291 3666 nemo
1323 3624 1470 3687 unquam

348 3705 507 3770 scribendi
528 3707 643 3772 artifex
666 3709 736 3792 fuit,
760 3712 817 3794 qui
839 3711 895 3774 illo
919 3712 1132 3778 instrumento
1153 3716 1258 3797 aptius
1277 3715 1469 3800 faciliusque

348 3819 396 3881 uti
428 3823 547 3902 posset.¹
578 3820 617 3884 In
651 3823 730 3906 ipsis
760 3823 1020 3891 Memorabilibus
1052 3828 1152 3891 multa
1182 3828 1335 3912 leguntur
1357 3832 1470 3915 capita,

349 3931 404 3995 ubi
435 3951 472 3996 ea
501 3931 724 4019 Xenophontis
757 3939 861 4002 virtus
893 3939 1056 4022 splendeat
1084 3941 1263 4025 luceatque,
1296 3963 1377 4026 quae
1407 3963 1468 4008 suo

349 4046 498 4129 quodque
529 4047 598 4111 looo
628 4049 791 4130 indicabo;
821 4050 876 4115 sed
900 4051 963 4115 duo
988 4058 1065 4116 sunt
1086 4059 1150 4117 tam
1175 4056 1302 4143 egregia
1325 4061 1355 4120 et
1378 4075 1471 4139 prae·

348 4158 440 4240 clara,
461 4166 496 4224 ut
514 4163 627 4226 ceteris
646 4162 795 4228 omnibus
813 4164 905 4228 facile
924 4166 1063 4248 palmam
1082 4169 1262 4251 praeripere
1281 4170 1468 4235 videantur:

347 4271 525 4338 Aristarchi
548 4274 712 4340 historiam
740 4277 819 4360 dico,
843 4297 925 4363 quae
948 4277 980 4344 O.
1007 4280 1023 4342 7
1049 4278 1124 4344 libri
1146 4280 1180 4345 H
1202 4281 1327 4366 legitur,
1351 4289 1382 4347 et
1405 4284 1470 4347 eol-
