3330 5262
731 623 795 688 347

207 805 349 884 σύζεσύαι
378 801 434 884 ύτρ
466 801 597 868 δύναιντο
628 804 667 876 είς
697 803 751 876 τὴν
783 805 895 877 Κνίδον,
928 805 1028 870 verba
1059 802 1118 868 ύσοι
1140 806 1180 878 είς
1203 804 1256 876 τὴν
1280 813 1337 882 γῆν

207 913 389 991 ἐξεώσθησαν
419 917 602 1002 explicandi
623 919 726 1002 gratia
749 924 806 982 aut
829 939 848 984 a
872 917 1088 1002 Xenophonte
1110 923 1168 982 aut
1191 938 1210 982 a
1231 938 1337 1002 gram-

209 1031 324 1094 matico
355 1035 431 1094 sunt
463 1030 579 1112 addita,
607 1030 894 1114 significanturque
916 1032 959 1095 iis
981 1049 1086 1094 οιιιιιοε
1110 1031 1166 1114 qui
1190 1017 1338 1114 aliquan-

206 1144 305 1226 tIsper
335 1142 484 1208 Pisandri
518 1145 553 1208 in
583 1144 704 1227 proelio
735 1145 813 1208 socii
836 1144 984 1208 fuerunt:
1016 1149 1224 1228 opponuntur
1251 1145 1336 1208 enim

207 1261 270 1328 τοῖς
292 1255 352 1319 oiri
376 1259 428 1320 τοῦ
452 1253 597 1333 εὐωνύμου
621 1254 810 1334 συμμύχοις,
835 1257 892 1340 qui
915 1256 996 1328 εύύὺς
1020 1254 1143 1336 Φεύχειν
1168 1257 1336 1322 dicuntur:

208 1369 242 1432 hi
273 1374 379 1434 autem
403 1389 468 1433 non
491 1370 525 1432 in
550 1374 666 1433 terram
691 1370 820 1453 expulsi
843 1387 913 1434 esse
936 1369 1097 1451 videntur,
1120 1369 1177 1434 sed
1200 1370 1282 1433 salvi
1304 1369 1338 1434 in

209 1479 302 1544 Cnidi
336 1486 464 1565 portum
499 1483 691 1566 pervenisse,
725 1483 753 1546 si
790 1472 919 1565 quidem
955 1484 1000 1546 ita
1035 1488 1142 1546 narrat
1176 1481 1338 1548 Diodorus

209 1595 339 1659 Siculus
362 1594 464 1678 (XIV,
489 1597 559 1675 83l:
585 1593 609 1657 οἱ
631 1593 662 1657 δὲ
686 1592 750 1674 περὶ
775 1594 823 1658 τὸν
845 1595 960 1658 Κόνωνα
983 1593 1074 1674 μέχρι
1091 1601 1145 1668 τῆς
1164 1601 1222 1673 γῆς
1241 1619 1337 1660 κοιταο

210 1703 364 1780 διώξοντες
388 1705 454 1778 τοὺς
477 1705 727 1783 Λακεδαιμονίους
749 1706 933 1778 πεντήκοντα
953 1707 1010 1784 μὲν
1028 1707 1143 1788 τριήρων
1163 1708 1336 1788 ἐκυρίευσαν,

209 1931 344 1997 ἑιίλωσαν
375 1932 406 1995 δὲ
438 1932 500 2013 περὶ
531 1931 747 2005 πεντακοσίους·
778 1933 809 1997 αἱ
839 1933 871 1998 δὲ
901 1934 1001 1997 λοιπαὶ
1031 1933 1148 2014 τριήρεις
1171 1934 1211 2002 είς
1234 1934 1337 2000 Κνίδον

210 2045 393 2118 διεσύύνισαν.

255 2159 314 2241 ΙΠ,
340 2161 389 2224 13.
413 2160 585 2244 Agesilaus
608 2162 723 2225 nuntio
748 2161 786 2225 de
809 2162 899 2226 olade
922 2168 1050 2246 accepto
1071 2164 1210 2246 primum
1232 2166 1338 2247 gravi-

208 2278 257 2336 ter
291 2272 420 2337 ferebat.
455 2271 519 2338 ἕτεί
555 2271 653 2350 μέντοι
687 2273 853 2362 ε’νεύυμύύιρΑ
880 2271 922 2338 ύτι
956 2280 1009 2338 τοῦ
1044 2274 1269 2355 στρατεύματος
1305 2277 1337 2350 τὸ,

209 2393 346 2452 πλεῖστον
376 2383 416 2461 είιρ
448 2387 527 2467 αὐτῷ
558 2381 612 2452 οἷον
642 2388 761 2465 ύχαύῶν
792 2387 847 2465 μὲν
869 2387 1050 2466 γιγνομένων
1073 2387 1162 2462 ἡδέως
1185 2388 1336 2473 μετέχειν,

208 2499 233 2562 εί
262 2497 294 2563 δέ
323 2523 352 2564 τι
382 2501 520 2578 χαλεπὸν
547 2501 637 2581 ι’ρῷεν,
661 2502 712 2565 οὐκ
735 2499 871 2579 οὶνοίχκκν
893 2494 964 2565 εἶναι
987 2507 1127 2566 κοινωνεῖν
1150 2503 1251 2574 αὐτοῖς
1276 2503 1335 2568 ari.

209 2613 243 2678 Si
267 2615 345 2697 quid
368 2634 513 2698 unquam
538 2622 722 2700 corruptum
747 2617 817 2700 fuit,
841 2617 920 2682 haec
942 2623 1092 2702 corrupta
1115 2624 1209 2682 sunt:
1235 2638 1337 2702 quum

210 2729 295 2792 enim
326 2727 508 2793 infinitivus
532 2730 700 2813 praecedat
722 2730 761 2794 ab
785 2723 837 2792 οἷον
861 2731 1005 2814 pendens
1033 2729 1226 2816 (μετέχειν),
1250 2752 1339 2798 nuno

209 2842 383 2906 interiectis
418 2841 583 2906 vocabulis
617 2841 641 2906 εί
674 2840 706 2905 δέ
741 2865 770 2904 σι
800 2842 938 2920 χαλεπὸν
969 2842 1059 2922 ὁρῷεν,
1085 2863 1168 2928 quae
1191 2850 1338 2910 accurate

212 2959 418 3036 opponuntur
460 2953 625 3018 vocabulis
659 2955 699 3019 ad
733 2957 976 3039 praecedentem
1010 2957 1105 3022 illum
1140 2957 1337 3023 infinitivum

210 3066 445 3150 pertinentibus
480 3066 600 3144 ύγαύῶν
631 3067 686 3144 μὲν
720 3066 909 3145 γιγνομένων,
947 3069 1046 3133 altero
1079 3069 1240 3134 infinitivo
1263 3089 1338 3134 cum

209 3179 265 3242 illo
288 3172 341 3242 οἷον
365 3181 537 3244 coniuncto
562 3200 669 3245 carere
692 3183 824 3245 minime
846 3201 1029 3266 possumne.
1050 3183 1178 3247 Etenim
1199 3185 1228 3248 si
1248 3188 1338 3267 pute·

212 3313 285 3357 mus
316 3293 391 3357 inde
422 3314 441 3356 a
470 3293 494 3355 εί
516 3291 548 3356 δέ
570 3316 599 3356 τι
623 3299 818 3358 structuram
842 3295 1024 3359 inchoatam
1048 3297 1248 3381 interrumpi,
1271 3317 1338 3362 ore·

210 3406 350 3470 dandum
383 3425 514 3491 quoque
544 3409 586 3471 sit
616 3406 753 3471 verbum
784 3415 924 3472 κοινωνεῖν
957 3408 1009 3472 hio
1039 3427 1171 3474 sensum
1195 3411 1339 3494 aooipere

209 3521 260 3582 τοῦ
295 3516 493 3594 μεταδιδόναι,
529 3520 617 3602 quod
652 3521 800 3602 quamvis
835 3522 878 3584 sit
911 3521 1098 3602 absurdum,
1114 3527 1236 3586 ¹tamen
1261 3523 1336 3586 olim

210 3631 360 3694 nonnulli
391 3631 452 3696 sibi
482 3633 681 3716 persuasisse
701 3633 869 3696 videntur:
902 3634 937 3696 in
962 3632 1155 3717 quibusdam
1178 3636 1264 3698 enim
1287 3654 1338 3698 oo-

211 3743 306 3808 dibus
328 3764 386 3827 pro
409 3744 490 3824 ὁρῷεν
511 3745 630 3829 legitur
653 3742 731 3824 ὅιύκ.
751 3745 999 3830 Xenophontem
1019 3748 1066 3810 sio
1085 3746 1151 3811 fere
1171 3748 1338 3834 scripsisse

210 3876 341 3922 censeo:
373 3857 397 3920 εἰ
429 3855 460 3919 δέ
490 3880 518 3921 τι
547 3857 685 3936 χαλεπὸν
714 3858 794 3938 δρῷεν
824 3859 875 3921 οὐκ
898 3856 1033 3935 οὶνύχκκν
1057 3859 1244 3936 ἡγεῖσθαι
1267 3852 1338 3924 εἶναι

209 3974 347 4033 κοινωνεῖν
370 3970 492 4034 αὐτοῦ
521 3969 592 4055 (vel
616 3970 746 4055 αὐτῶν).

256 4083 316 4166 ΙΙΙ,
351 4085 401 4148 13.
431 4083 502 4150 Ηοο
533 4103 607 4168 ergo
639 4105 740 4168 quum
771 4091 951 4169 reputasset
981 4086 1153 4170 Agesilaus
1181 4086 1214 4148 ἐκ
1237 4084 1339 4150 τούτου

168 4245 170 4249 -
209 4195 394 4274 μεταβαλὼν
417 4193 527 4273 ἔλεγεν,
553 4198 590 4269 ὥς
613 4196 792 4275 ἀγγέλλοιτο
812 4197 826 4261 o‘
847 4198 902 4275 μὲν
922 4198 1095 4278 Πείσανδρος
1113 4198 1337 4271 τετελευτηκώς,

211 4307 294 4388 νικῴη
318 4310 350 4384 δὲ
372 4319 409 4391 τῇ
433 4310 603 4396 ναυμαχία.
631 4311 715 4388 Quid
739 4314 781 4380 sit
805 4311 990 4390 μεταβαλών
1013 4315 1103 4380 lectis
1124 4313 1235 4380 multis
1256 4314 1338 4378 mul-
