3352 5260
752 657 791 720 91

627 961 801 1028 LIBER
834 963 891 1026 VI.

245 1183 285 1247 ln
314 1184 404 1248 nullo
434 1184 516 1248 libro
546 1185 639 1269 plura
670 1190 701 1249 et
732 1185 921 1250 absurdiora
951 1185 1142 1249 emblemata
1165 1204 1262 1269 quam
1286 1186 1321 1247 in

201 1302 292 1361 sexto
322 1299 534 1381 reperiuntur.
566 1297 742 1382 Apparebit
770 1297 840 1380 hoc,
865 1299 893 1362 si
917 1299 990 1380 quis
1016 1296 1126 1361 Cobeti
1150 1297 1322 1361 editionem

201 1429 275 1473 cnm
307 1410 377 1474 aliis
409 1410 602 1476 editionibus
630 1411 868 1495 comparaverit.
893 1409 1030 1473 Videtur
1052 1415 1159 1474 tamen
1184 1408 1322 1474 Cobetus

201 1523 357 1587 nonnulla
380 1525 576 1608 neglexisse:
602 1543 639 1589 ea
662 1544 736 1608 ergo
759 1523 917 1606 indicabo,
943 1524 1104 1606 simulque
1127 1523 1206 1587 alios
1227 1542 1324 1606 quos·

202 1637 275 1701 dam
297 1637 385 1702 locos
409 1642 586 1722 utcumque
609 1638 777 1702 emendare
800 1636 946 1701 conabor.

249 1749 280 1814 O.
303 1750 328 1834 Ι,
354 1752 372 1813 5
397 1757 428 1816 et
452 1753 480 1814 6.
505 1751 638 1833 Corylae
659 1752 772 1836 legatis
796 1772 815 1814 a
838 1750 1032 1815 Graecorum
1053 1750 1190 1814 ducibus
1211 1750 1323 1833 epulae

202 1870 372 1948 parantur:
397 1867 516 1930 mensis
538 1867 668 1929 remotis
693 1865 873 1948 spectacula
891 1863 991 1944 fiunt;
1012 1863 1171 1947 prodeunt
1189 1862 1324 1926 Thraces

204 1977 369 2042 saltatores
404 1978 476 2060 duo,
510 1978 617 2042 loricis
651 1977 766 2059 induti,
797 1977 928 2060 clypeos
960 1977 1148 2060 gladiosque
1176 1974 1326 2039 manibus

203 2095 364 2172 tenentes;
398 2093 537 2175 primum
561 2090 706 2155 saltando
730 2091 907 2154 velocitatis
931 2109 1008 2154 suae
1033 2091 1109 2153 dant
1133 2090 1324 2174 specimina3

204 2210 274 2269 tum
305 2205 557 2269 monomachiam
581 2207 756 2286 imitantur,
781 2225 878 2287 quam
902 2206 949 2268 sic
972 2223 1100 2267 narrare
1123 2203 1237 2286 incipit
1259 2201 1326 2265 Xe-

204 2319 350 2402 nophon:
387 2316 470 2388 τέλος
503 2317 535 2380 δὲ
568 2317 581 2380 ὁ
616 2315 707 2397 ἕτερος
739 2317 787 2380 τὸν
816 2313 908 2396 ἕτερον
939 2315 1027 2388 ταίεν,
1053 2317 1090 2386 ὡς
1114 2317 1202 2377 τοῖο-ον
1226 2310 1324 2378 ἐδόκει.

204 2417 352 2494 Ridicule
388 2430 551 2494 adduntur
583 2430 662 2494 haec
696 2429 793 2493 verba
824 2425 1009 2505 πεπληγέναι
1038 2428 1088 2491 τὸν
1118 2426 1218 2506 ἄνδρα,
1244 2445 1327 2510 quae

205 2545 268 2606 iam
294 2542 541 2608 assentientibus
566 2543 716 2607 omnibus
736 2545 896 2626 expunxit
916 2540 1063 2606 Cobetus.
1082 2540 1197 2625 Neque
1218 2541 1327 2604 minus

205 2659 350 2742 ineptum
385 2663 433 2722 est
469 2657 633 2740 emblema,
664 2657 751 2740 quod
780 2659 815 2720 in
844 2657 963 2719 vicinia
993 2656 1099 2719 delere
1130 2654 1221 2718 obliti
1251 2658 1328 2717 sunt

207 2771 351 2835 editores.
382 2771 488 2834 Homo
521 2773 616 2853 enim,
640 2772 697 2854 qui
729 2791 748 2833 a
771 2770 920 2834 simulato
944 2769 1034 2832 hoste
1057 2787 1229 2852 percussus
1253 2771 1327 2849 erat,

207 2884 376 2948 artificiose
399 2885 554 2948 concidit:
578 2885 681 2947 victor
701 2902 775 2947 cum
795 2885 892 2947 armis
913 2883 1026 2966 spoliat
1046 2885 1077 2944 et
1096 2885 1225 2944 cantum
1239 2879 1328 2943 belli·

207 3018 282 3062 cum
302 3017 419 3062 canens
438 2998 512 3080 abit,
522 2997 749 3081 plaudentibus
769 2996 1008 3081 spectatoribus.
1020 2994 1153 3057 Victum
1166 2993 1327 3056 hominem

208 3113 264 3176 alii
289 3112 425 3176 Thraces
448 3131 506 3195 pro
531 3115 656 3174 mortuo
680 3111 822 3176 efferunt.
848 3108 928 3185 Quis
951 3111 984 3171 in
1010 3107 1167 3171 eiusmodi
1191 3106 1330 3188 descrip-

208 3227 305 3289 tionis
328 3225 392 3288 fine
414 3225 497 3289 ferre
519 3226 621 3308 possit
643 3225 781 3308 puerilia
802 3225 864 3287 ista
888 3216 975 3295 ἦν’δὲ
999 3219 1078 3282 οὐδὲν
1101 3217 1271 3288 amentes?

253 3338 406 3402 Eiusdem
433 3339 560 3421 generis
582 3343 630 3401 est
653 3336 741 3420 quod
765 3337 784 3417 ἓ
809 3337 828 3398 9
851 3335 976 3418 legitur.
999 3333 1050 3396 lbi
1073 3333 1158 3397 enim
1183 3335 1331 3394 narratur

210 3453 249 3516 de
284 3452 482 3535 spectaculis
514 3469 596 3535 quae
626 3449 739 3530 Mysus
771 3449 902 3532 quidam
933 3447 1007 3528 edit,
1030 3465 1169 3529 quorum
1190 3445 1329 3528 primum

209 3567 270 3629 hoc
304 3570 367 3629 est:
405 3565 442 3636 ὥς
472 3561 521 3627 δύο
551 3560 805 3638 ἀντιταττομένων
835 3558 1016 3637 μιμούμενος
1039 3559 1170 3638 ὠρχεῖτο.
1200 3557 1332 3620 Partici·

209 3680 300 3762 pium
325 3674 506 3754 μιμούμενος
529 3677 659 3741 omnino
683 3675 873 3739 ejiciendum
895 3678 952 3755 est,
972 3673 1048 3756 quia
1067 3671 1331 3735 etvitioseinter-

210 3793 358 3876 ponitur:
385 3810 540 3874 quosnam
565 3791 650 3853 enim
674 3789 819 3852 homines
843 3785 958 3868 Mysus
975 3784 1136 3861 ε’μνμεῖτοῗ
1155 3783 1208 3845 An
1222 3783 1332 3845 adver·

212 3901 335 3968 sorios?
359 3909 398 3985 et,
421 3904 546 3967 etiamsi
569 3922 606 3966 ea
627 3904 750 3966 ratione
773 3903 929 3965 insertum
950 3904 1041 3981 esset,
1061 3903 1098 3962 ut
1117 3897 1330 3980 aliquomodo

211 4017 288 4081 ferri
310 4022 425 4100 posset,
448 4036 473 4080 e.
495 4037 541 4100 gr.
566 4018 591 4080 si
615 4016 774 4099 legeretur
797 4012 989 4091 μονομαχίαν
1013 4009 1204 4089 μιμούμενος,
1225 4016 1331 4075 tamen

212 4135 340 4213 propter
362 4129 554 4213 praecedens
578 4129 615 4200 ὡς
640 4148 771 4213 prorsus
795 4133 878 4191 esset
899 4126 1023 4190 inutile.

257 4242 372 4326 Neque
402 4243 463 4306 alio
494 4242 588 4306 modo
618 4262 676 4326 pro
705 4261 751 4324 ec,
776 4241 861 4324 quod
885 4258 972 4303 nunc
993 4240 1012 4320 ᾗ
1037 4239 1076 4300 11
1100 4237 1233 4320 legitur:
1258 4231 1333 4316 ἦσαν

213 4378 247 4418 τε
280 4355 308 4418 ἐν
339 4354 435 4435 ῥυθμῷ
459 4353 527 4434 τοὺς
550 4354 599 4418 τὸν
621 4353 748 4418 ἕνοτλνον
770 4355 784 4434 p‘
803 4349 883 4432 θμόν,
908 4350 1143 4435 Xenophonteo
1165 4348 1262 4414 verba
1284 4369 1333 4416 re·
