3354 5268
860 606 901 671 30

313 806 411 857 arnam
436 790 677 875 Rempublicam
702 792 896 872 contrahere,
920 797 952 854 et
974 793 1008 854 in
1028 789 1112 855 bello
1131 795 1242 854 contra
1261 790 1434 874 Spartanos

312 903 469 970 Thebanis
494 903 652 967 auxilium
676 902 766 966 ferre.
790 903 898 986 Atque
918 901 1000 966 illud
1021 903 1129 965 odium
1141 902 1350 987 Xenophonti
1362 923 1434 966 cum

315 1017 480 1101 Spartanis
516 1021 547 1080 et
581 1016 705 1079 fautore
734 1035 794 1078 suo
826 1015 976 1098 Agesilao
1004 1034 1174 1078 commune
1198 1021 1262 1079 est:
1286 1017 1436 1099 inspicias

315 1129 410 1192 modo
432 1128 593 1193 Historiae
614 1127 752 1191 Graecae
772 1127 889 1190 librum
909 1126 974 1189 VH
995 1128 1121 1211 passim.
1135 1126 1318 1191 Verisimile
1331 1134 1437 1192 autem

316 1246 461 1319 nonest,
485 1260 558 1304 eum
582 1240 661 1304 illud
687 1240 794 1303 odium
821 1241 1007 1323 suscepisse,
1031 1241 1216 1324 priusquam
1242 1243 1318 1305 satis
1338 1242 1392 1304 diu
1404 1243 1439 1304 in

318 1355 539 1437 Peloponneso
563 1352 745 1434 habitasset,
770 1358 856 1416 utet
877 1353 999 1416 discere
1018 1357 1133 1436 posset,
1155 1359 1332 1436 quaeesset
1345 1353 1440 1438 Spar·

318 1473 464 1534 tonorum
499 1467 652 1530 adversus
684 1466 761 1529 alias
785 1472 896 1549 gentes
921 1466 1088 1546 sententia,
1111 1470 1143 1528 et
1168 1467 1236 1549 ipse
1260 1467 1439 1530 vicinorum

318 1580 481 1646 Arcadum
504 1598 607 1642 mores
625 1579 763 1642 incultos
783 1597 976 1661 asperosque
995 1579 1139 1660 cognitos
1152 1578 1287 1643 haberet.
1301 1579 1442 1656 Accedit,

320 1694 407 1777 quod
436 1693 525 1755 nulla
547 1697 613 1754 erat
637 1711 741 1772 causa,
765 1709 822 1755 cur
845 1689 993 1774 Spartani
1016 1690 1067 1753 vel
1090 1689 1277 1755 Laconistae
1300 1692 1442 1756 Arcades

321 1825 510 1890 magnopere
536 1810 694 1886 curarent,
717 1825 817 1888 quum
844 1806 939 1868 etiam
963 1810 1092 1887 propter
1112 1804 1301 1869 divisionem
1320 1805 1440 1868 infirmi

322 1926 444 1984 essent:
470 1923 615 2003 poteraut
639 1923 707 1981 tum
730 1937 840 1980 eorum
860 1921 1077 2001 paupertatem
1099 1917 1259 2000 despicere
1279 1923 1310 1981 et
1320 1920 1443 2002 ingenii

323 2033 500 2098 tarditatem
525 2031 637 2094 ridere.
662 2029 916 2093 Acerbissimum
938 2049 1012 2093 vero
1030 2031 1065 2092 in
1085 2048 1139 2093 eos
1159 2030 1267 2093 odium
1281 2033 1443 2095 exstitisse
1485 2035 1489 2044 ’

323 2143 472 2208 credibile
491 2149 549 2224 est,
569 2148 739 2227 postquam
761 2145 922 2226 cognitum
945 2147 993 2206 est
1013 2162 1076 2223 eos,
1094 2162 1157 2225 quo
1172 2143 1286 2207 melius
1299 2144 1444 2209 hostibus

322 2258 517 2338 resisterent,
549 2256 719 2319 consilium
755 2257 875 2337 cepisse
907 2257 991 2318 vires
1023 2275 1098 2318 suas
1130 2255 1308 2339 colligendi,
1338 2257 1372 2319 id
1396 2263 1444 2320 est

324 2389 390 2432 non
413 2370 514 2432 multo
538 2374 610 2432 ante
635 2387 754 2431 annum
782 2369 853 2430 371.
877 2366 1010 2431 Nullum
1035 2369 1120 2431 enim
1143 2368 1253 2431 odium
1278 2370 1445 2437 acriusest

326 2502 422 2565 quarn
455 2480 541 2563 quod
571 2499 644 2544 cunr
674 2486 762 2544 metu
787 2482 828 2543 sit
851 2482 1067 2544 coniunctum.
1093 2480 1219 2564 Inspice
1243 2495 1330 2545 nunc
1351 2482 1448 2564 lucca,

327 2593 446 2677 quibus
480 2595 513 2656 iu
545 2592 686 2656 Anabasi
720 2612 823 2656 sermo
855 2599 903 2655 est
935 2593 973 2656 de
996 2591 1193 2656 Arcadibus:
1219 2592 1445 2676 Spartanorum

326 2708 428 2790 gratia
450 2708 584 2790 scriptos
610 2707 704 2769 dices.

372 2817 405 2881 L.
426 2817 482 2899 Vl,
503 2819 531 2899 1,
553 2819 602 2880 30.
620 2818 755 2901 Agasias
767 2816 986 2901 Stymphalius
999 2816 1227 2900 Spartanorum
1240 2820 1446 2902 hegemoniae

328 2931 459 3013 invidet,
483 2930 586 3014 deque
612 2950 721 2994 eorum
746 2931 845 2994 nimia
868 2932 1048 3014 arrogantia
1072 2932 1226 3014 queritur,

373 3043 406 3107 L.
437 3043 510 3125 VII,
540 3046 569 3126 2,
602 3046 621 3106 9
651 3064 719 3127 sqq.
753 3043 883 3127 [Achaei
916 3043 957 3126 et]
988 3043 1131 3107 Arcades
1164 3064 1182 3107 a
1213 3046 1326 3108 ceteris
1349 3046 1448 3129 copiis

330 3157 490 3220 secedunt.
520 3156 630 3220 Totius
660 3163 766 3220 autem
799 3156 838 3220 ab
869 3157 909 3220 iis
934 3155 1058 3220 habitae
1083 3158 1235 3220 orationis
1259 3160 1448 3222 sententiam

331 3269 446 3332 melius
476 3269 569 3332 etiarn
601 3271 782 3352 perspicies„
806 3270 833 3332 si
856 3287 930 3332 cum
953 3268 1062 3352 Hugio
1086 3269 1188 3351 leges:
1215 3269 1449 3342 ....Ἀῖνννῖον

332 3379 564 3453 Πελοποννησίων
586 3378 638 3443 καὶ
662 3378 900 3457 Λακεδαιμόνιον.
922 3382 1002 3445 Tum
1022 3383 1107 3446 enim
1129 3384 1277 3446 caeratio
1291 3383 1451 3446 simillima

332 3495 392 3558 erit
415 3495 453 3575 ei,
477 3514 542 3576 qua
565 3493 657 3572 (Hell.
682 3494 754 3575 VII,
778 3495 806 3576 1,
827 3496 880 3575 23)
901 3496 1003 3558 utitur
1020 3493 1218 3575 Lycomedes
1239 3496 1356 3559 Arcas:
1376 3516 1450 3558 nam

333 3608 385 3670 hic
409 3626 537 3690 quoque
560 3609 679 3690 primas
700 3613 805 3690 partes
827 3609 1041 3689 victoriarum,
1065 3628 1145 3691 quas
1169 3609 1219 3672 vel
1240 3607 1387 3692 Spartani
1401 3610 1452 3672 vel

333 3718 473 3782 Thebani
494 3725 707 3803 reportarunt,
728 3720 936 3803 popularibus
962 3721 1029 3784 suis
1053 3721 1203 3784 vindicat.

378 3831 412 3895 L.
447 3832 520 3914 VII,
552 3834 580 3914 3,
613 3834 654 3895 23
686 3833 879 3916 lepidissima
912 3834 1030 3916 legitur
1060 3835 1197 3897 narratio
1221 3835 1259 3898 de
1284 3836 1453 3899 voracitate

335 3945 473 4026 Arystae
493 3945 637 4026 Arcadis,
661 3964 719 4008 nec
742 3945 978 4029 negligendum,
1002 3963 1072 4009 eam
1096 3947 1142 4008 sic
1161 3947 1317 4030 incipere:
1339 3943 1453 4028 ”Apama

336 4055 368 4120 δὲ
390 4077 433 4126 τις
457 4054 605 4136 Ἀρύστας
627 4054 726 4133 ὄνομα.

382 4171 523 4234 Arcades
552 4172 702 4235 virtutem
730 4177 761 4234 et
782 4171 914 4254 gloriam
939 4177 1010 4256 post
1034 4191 1183 4237 nummos
1205 4174 1320 4239 habere
1344 4176 1454 4239 testifi-

339 4289 453 4348 cantur
473 4283 577 4362 verba,
601 4303 683 4368 quae
706 4284 779 4366 VII,
802 4284 831 4366 6,
856 4285 897 4347 39
917 4304 963 4367 sq.
982 4285 1142 4369 leguntur,
1161 4286 1218 4350 ubi
1229 4287 1311 4352 alius
1325 4289 1454 4373 quidam
