3330 5262
739 613 802 674 325

219 797 315 862 semel
340 802 510 882 cognosset
532 790 605 860 rival
624 820 653 859 rr
676 799 733 858 τῶν
755 793 931 861 adularer?
954 794 1038 859 Nam
1060 795 1269 862 Plutarchum
1294 797 1341 859 sic

219 911 300 974 duas
311 929 373 975 res
392 911 524 992 tradere,
547 929 685 994 quarum
704 910 801 973 altera
813 909 904 972 alteri
916 908 1050 972 adversa
1060 907 1165 971 fronte
1176 912 1343 994 repugnet,

218 1023 337 1086 mirum
370 1005 510 1106 quidem
534 1027 583 1086 θεῖ
613 1023 669 1088 sed
700 1040 822 1085 rerum.
854 1020 932 1086 Post
961 1020 1209 1103 Xenophontem
1233 1025 1340 1084 natam

220 1154 290 1199 esse
320 1137 544 1218 narrationem,
575 1155 640 1218 qna
670 1135 759 1217 Agis,
783 1136 817 1197 in
846 1134 980 1198 articulo
1003 1135 1115 1196 mortis
1138 1131 1342 1214 Leotychidis

220 1247 370 1331 precibus
392 1249 543 1332 fatigatus
566 1248 657 1311 illum
684 1249 853 1331 agnovisse
877 1247 1003 1327 dicitur,
1027 1244 1137 1308 (lebeti
1158 1249 1206 1308 θεῖ
1225 1246 1342 1330 opinio,

220 1363 274 1423 cui
308 1360 457 1444 equidem
490 1360 638 1424 lubenter
667 1359 852 1442 adstipulor,
883 1359 939 1422 sed
970 1358 1031 1420 hoc
1053 1356 1151 1420 addo:
1176 1357 1266 1422 nasci
1288 1356 1343 1420 illa

219 1492 285 1537 non
318 1476 483 1557 potuisset,
517 1475 545 1537 si
579 1492 691 1536 verum
723 1476 815 1554 esset,
847 1471 935 1554 quod
966 1471 1005 1534 de
1028 1470 1140 1533 ultima
1161 1469 1217 1533 illa
1240 1472 1343 1551 nocte,

221 1606 286 1669 qua
315 1587 351 1648 in
381 1588 493 1649 uxoris
524 1585 672 1649 cubiculo
702 1584 764 1648 fuit
790 1584 871 1668 Agis
895 1603 936 1647 ex
958 1602 1061 1666 eoque
1083 1581 1233 1666 profugit,
1257 1583 1343 1667 apud

220 1698 429 1781 Plutarchum
452 1699 597 1782 legimus.
1260 1689 1263 1701 ¹

264 1812 414 1876 Absurda
437 1832 511 1896 ergo
535 1818 566 1877 et
588 1815 671 1876 inter
695 1831 729 1876 se
752 1813 963 1895 repugnantia
986 1810 1197 1874 Plutarchum
1218 1811 1343 1874 tradere

219 1927 383 1990 videmus:
415 1931 521 1990 tamen
544 1930 671 1989 tantum
696 1944 821 2008 semper
844 1926 874 1988 ei
895 1923 1081 1995 tribuerunt
1105 1924 1167 1985 viri
1191 1923 1284 2006 docti,
1308 1928 1345 1987 ut

220 2039 317 2103 verba
343 2038 567 2122 Xenophontis
589 2059 631 2104 ex
655 2058 720 2102 uno
743 2038 914 2102 Plutarcho
937 2036 1095 2100 illustrari
1117 2054 1213 2118 posse
1235 2033 1345 2100 crede-

219 2156 307 2230 rent;
340 2171 470 2236 unoque
501 2152 571 2215 loco
602 2153 697 2215 etiam
728 2150 977 2233 Xenophontem
1009 2147 1243 2212 emendandum
1272 2167 1343 2213 esse

219 2268 382 2346 putarunt,
406 2283 470 2347 quo
492 2263 609 2327 melius
632 2283 708 2326 cum
727 2262 899 2325 Plutarcho
920 2261 1121 2324 consentiret.
1144 2258 1236 2334 Quod
1255 2262 1342 2323 enim

220 2396 308 2440 nunc
337 2377 455 2461 legitur
478 2373 575 2456 ἔφυγε
596 2374 646 2440 aa>
669 2376 719 2439 οὐκ
740 2371 836 2455 ἐφάνη
860 2374 889 2436 ἐν
912 2373 952 2452 τῷ
977 2369 1113 2452 θαλάμῳ,
1138 2390 1249 2436 eorum
1274 2391 1345 2436 ver·

220 2489 334 2552 borum
363 2491 552 2573 particulam
582 2490 634 2552 οὐκ
663 2489 800 2552 inseruit
831 2486 1051 2567 Leonclavius,
1078 2503 1218 2567 eumque
1242 2485 1343 2550 secuti

220 2606 297 2664 sunt
319 2620 429 2665 omnes
443 2598 474 2682 ¹).
500 2601 601 2664 Video
626 2601 757 2684 quidem
780 2618 798 2663 θ
820 2597 918 2662 verbo
942 2595 1038 2677 ἐφάνη
1063 2596 1190 2659 nullum
1211 2615 1343 2660 sensum

220 2715 291 2778 elici
321 2734 423 2798 posse,
455 2715 509 2778 sed
540 2715 590 2777 οὐκ
622 2713 765 2777 addendo
793 2713 873 2776 nihil
896 2710 1099 2795 proficimus:
1124 2729 1198 2772 nam
1222 2709 1274 2772 vel
1297 2709 1344 2772 sic

220 2828 352 2891 minime
382 2846 427 2908 ea,
460 2845 541 2910 quae
572 2825 760 2907 Leotychidi
783 2824 893 2887 obiicit
916 2823 1096 2906 Agesilaus,
1121 2841 1195 2884 cum
1219 2821 1345 2886 Plutar-

220 2939 298 3003 ohea
328 2941 508 3003 narratione
532 2941 715 3020 concinunt,
738 2943 909 3020 errantque
933 2939 990 3020 qui
1014 2936 1054 2999 ad
1076 2936 1132 2998 illa
1155 2935 1345 3019 explicanda

220 3052 303 3115 hanc
327 3051 537 3116 adhibendam
560 3055 683 3134 putant.
706 3051 882 3114 Videamus
906 3049 1049 3132 singula:

264 3164 409 3228 Primum
433 3164 494 3228 hoc
517 3166 594 3228 dicit
612 3164 824 3228 Plutarchus:
844 3162 1030 3246 perdecem
1052 3179 1178 3224 menses
1191 3160 1230 3224 ab
1243 3179 1347 3226 uxore

221 3276 301 3364 afuit
335 3276 425 3359 Agis,
457 3282 529 3360 post
562 3277 634 3341 illos
668 3275 879 3357 Leotychides
913 3278 1009 3337 natus
1033 3278 1088 3337 est.
1114 3273 1212 3356 Apud
1234 3272 1343 3337 Xeno-

221 3389 371 3472 phontem
395 3390 528 3472 legitur:
554 3387 667 3468 δεκάτῳ
689 3386 761 3466 pari
781 3387 818 3450 τὺ
837 3385 920 3468 ἔφυς.
942 3387 1015 3450 Nou
1036 3387 1121 3450 idem
1142 3405 1216 3470 ergo
1236 3385 1346 3451 Xeno-

220 3502 305 3586 phon
336 3503 421 3584 dicit,
453 3502 540 3586 quod
570 3502 773 3583 Plutarchus,
797 3501 852 3565 sed
877 3519 1009 3584 prorsus
1032 3501 1235 3562 contrarium.
1261 3497 1344 3562 Nam

222 3616 250 3678 si
272 3614 385 3678 decimo
406 3635 510 3677 mense
533 3615 662 3696 (lunari)
685 3619 781 3678 uatus
803 3619 853 3677 est
874 3612 1087 3694 Leotychides
1107 3616 1180 3694 post
1198 3611 1344 3676 ultimam

220 3731 357 3809 noctem,
388 3747 452 3810 qua
482 3733 556 3790 ante
586 3725 813 3810 profectionem
845 3727 1039 3808 longamque
1070 3722 1245 3786 absentiam
1270 3740 1344 3784 cum

224 3860 324 3905 uxore
354 3841 416 3904 fuit
446 3840 536 3924 Agis,
560 3840 639 3903 nihil
664 3841 717 3902 hic
738 3838 882 3919 habebat,
907 3855 1006 3921 quare
1029 3836 1116 3899 illam
1140 3835 1174 3897 in
1198 3834 1347 3900 adulterii

221 3958 349 4017 vocaret
378 3954 602 4036 suspicionem.
635 3951 720 4027 Quin
749 3953 854 4032 etiam,
878 3954 914 4013 ut
937 3951 1059 4031 opinor,
1083 3967 1123 4010 ne
1146 3949 1251 4012 iurato
1276 3947 1347 4030 qui·

254 4304 282 4370 1)
301 4305 412 4356 Cobetus
429 4304 506 4354 rerba
523 4301 603 4364 ’ἔφυγε
620 4301 665 4350 καί
678 4302 778 4352 delevit.
