3348 5262
468 1590 682 1667 OAPUT
715 1589 1135 1668 UNDEOIMUM.

614 1815 658 1883 lle
681 1815 839 1900 Agesilao
865 1813 988 1885 libello.

828 2327 830 2331 “
876 2317 915 2376 τίς
931 2318 996 2374 ἀλκὴ
1013 2319 1054 2368 τὸν
1071 2319 1163 2370 θανόντ’
1182 2317 1330 2379 inaurareris,

282 2483 387 2549 Semel
421 2485 605 2569 iterumque
638 2487 673 2548 in
707 2483 983 2568 praecedentibus,
1012 2485 1070 2550 ubi
1100 2487 1140 2550 de
1163 2485 1271 2570 aliquo
1294 2486 1364 2551 looo

237 2599 395 2663 iudicium
428 2598 568 2663 ferebam
600 2602 736 2683 eiusque
764 2618 944 2664 sermonem
969 2601 1289 2684 enuntiationemque
1311 2600 1364 2664 vel

238 2713 408 2777 laudabam
446 2713 497 2777 vel
531 2713 813 2798 reprehendebam,
843 2732 908 2777 uon
938 2717 1137 2797 argumentis
1165 2714 1276 2778 solidis
1311 2713 1365 2777 fir·

236 2828 364 2910 misque
399 2846 469 2890 eam
500 2827 627 2891 laudem
656 2828 977 2912 reprehensionemve
1008 2827 1177 2892 defendere
1207 2847 1279 2891 sum
1313 2846 1364 2891 co-

236 2945 341 3022 natus,
373 2939 429 3003 sed
460 2940 539 3023 quid
562 2940 732 3024 eleganter,
755 2940 833 3023 quid
855 2941 962 3023 inepte
986 2941 1107 3004 dietum
1135 2946 1228 3023 esset,
1252 2941 1363 3004 sentiri

236 3055 338 3136 magis
374 3073 470 3136 quam
501 3057 586 3117 oerto
619 3053 830 3118 demonstrari
856 3073 951 3137 posse
972 3053 1159 3138 significavi.
1182 3053 1273 3119 Idem
1297 3055 1364 3140 ple-

235 3185 374 3248 rumque
404 3165 470 3230 fere
501 3166 670 3230 dicendum
695 3172 743 3230 est
764 3166 821 3249 illi,
846 3168 902 3250 qui
926 3167 1066 3250 aliquem
1089 3166 1208 3231 librum
1231 3187 1297 3232 non
1322 3167 1361 3231 ab

236 3297 272 3341 eo
307 3281 525 3363 conscriptum
561 3297 639 3362 esse,
670 3281 764 3343 ouius
796 3299 914 3344 nomen
937 3285 1035 3364 gerat,
1059 3281 1232 3344 contendit.
1255 3280 1363 3364 Argu·

235 3397 344 3456 menta
367 3393 454 3456 enim
476 3393 505 3456 is
529 3392 638 3456 afferet
660 3398 716 3456 aut
739 3411 842 3476 pauca
869 3398 925 3456 aut
949 3393 1061 3476 multa,
1080 3394 1218 3457 sedtum
1233 3393 1362 3457 demum

235 3509 275 3570 iis
300 3506 488 3590 colligendis
510 3491 792 3589 proponendisqu‘e
817 3525 944 3590 operam
971 3507 1067 3590 dabit,
1091 3506 1149 3571 ubi
1173 3526 1266 3571 aures
1290 3507 1362 3590 pul·

235 3620 368 3702 ohrique
399 3638 515 3683 sensus
546 3638 618 3684 eum
649 3619 887 3683 admonuerunt
911 3619 1115 3684 subdititium
1139 3637 1210 3683 esse
1231 3618 1361 3700 librum,

236 3733 274 3798 de
308 3752 373 3817 quo
403 3735 517 3817 agitur.
548 3732 690 3816 Agesilai
721 3752 861 3817 quoque,
885 3752 982 3816 quem
1005 3737 1053 3796 tot
1076 3733 1137 3795 viri
1161 3732 1246 3795 dooti
1271 3735 1361 3795 tauta

235 3851 494 3930 argumentorum
519 3848 610 3930 eopia
632 3845 842 3929 Xenophonti
866 3845 1100 3927 abiudicarunt,
1124 3844 1256 3908 eandem
1284 3864 1360 3908 oau-

235 3980 301 4024 sam
325 3979 404 4042 esse,
429 3962 578 4043 quamvis
603 3961 721 4023 mirum
744 3960 777 4022 id
800 3960 911 4022 multis
935 3959 1090 4040 videatur,
1112 3958 1260 4042 mihipro
1273 3962 1360 4022 certo

234 4079 366 4138 constat.
403 4073 503 4137 Credo
540 4075 625 4136 enim
659 4073 831 4156 plerosque
860 4072 993 4136 idoneos
1017 4071 1056 4135 de
1080 4071 1238 4135 eiusmodi
1261 4071 1359 4136 rebus

233 4189 365 4270 indices,
390 4187 444 4250 ubi
467 4189 502 4250 in
524 4186 725 4270 perlegendis
748 4185 973 4269 Xenophontis
996 4184 1087 4248 libris
1111 4185 1151 4248 ad
1170 4185 1359 4268 Agesilaum

235 4303 449 4388 pervenerint,
473 4319 545 4364 oum
572 4299 710 4382 quadam
734 4299 955 4382 indignatione
977 4299 1076 4362 istum
1100 4296 1244 4361 libellum
1263 4318 1359 4362 ema-
