<?xml version="1.0" encoding="UTF-8"?>
<!DOCTYPE html PUBLIC "-//W3C//DTD XHTML 1.0 Transitional//EN"
    "http://www.w3.org/TR/xhtml1/DTD/xhtml1-transitional.dtd">
<html xmlns="http://www.w3.org/1999/xhtml" xml:lang="en" lang="en">
 <head>
  <title>
</title>
<meta http-equiv="Content-Type" content="text/html;charset=utf-8" />
  <meta name='ocr-system' content='tesseract 3.04.00' />
  <meta name='ocr-capabilities' content='ocr_page ocr_carea ocr_par ocr_line ocrx_word'/>
</head>
<body>
  <div class='ocr_page' id='page_1' title='image "./analectaxenopho00hartgoog_0391.png"; bbox 0 0 3330 5262; ppageno 0'>
   <div class='ocr_carea' id='block_1_1' title="bbox 849 612 913 676">
    <p class='ocr_par' dir='ltr' id='par_1_1' title="bbox 849 612 913 676">
     <span class='ocr_line' id='line_1_1' title="bbox 849 612 913 676; baseline -0.016 0"><span class='ocrx_word' id='word_1_1' title='bbox 849 612 913 676; x_wconf 80' lang='lat'>376</span> 
     </span>
    </p>
   </div>
   <div class='ocr_carea' id='block_1_2' title="bbox 320 789 1446 1789">
    <p class='ocr_par' dir='ltr' id='par_1_2' title="bbox 320 789 1444 997">
     <span class='ocr_line' id='line_1_2' title="bbox 320 789 1444 879; baseline -0.002 -16"><span class='ocrx_word' id='word_1_2' title='bbox 320 795 410 879; x_wconf 78' lang='grc' dir='ltr'><strong><em>άνθρα</em></strong></span> <span class='ocrx_word' id='word_1_3' title='bbox 439 794 506 876; x_wconf 81' lang='grc' dir='ltr'><strong><em>άγοι</em></strong></span> <span class='ocrx_word' id='word_1_4' title='bbox 535 796 619 878; x_wconf 82' lang='grc' dir='ltr'><strong><em>παρά</em></strong></span> <span class='ocrx_word' id='word_1_5' title='bbox 643 794 842 877; x_wconf 78' lang='grc' dir='ltr'><strong><em>πολεμάρχων</em></strong></span> <span class='ocrx_word' id='word_1_6' title='bbox 865 793 895 860; x_wconf 84' lang='grc' dir='ltr'>θν</span> <span class='ocrx_word' id='word_1_7' title='bbox 917 789 1004 877; x_wconf 81' lang='grc' dir='ltr'><strong><em>είρξαι</em></strong></span> <span class='ocrx_word' id='word_1_8' title='bbox 1028 795 1092 862; x_wconf 80' lang='grc' dir='ltr'><strong><em>δίοι.</em></strong></span> <span class='ocrx_word' id='word_1_9' title='bbox 1119 796 1239 875; x_wconf 82' lang='lat' dir='ltr'>Quidni</span> <span class='ocrx_word' id='word_1_10' title='bbox 1262 796 1344 878; x_wconf 80' lang='grc' dir='ltr'><strong><em>παρὰ</em></strong></span> <span class='ocrx_word' id='word_1_11' title='bbox 1370 801 1444 862; x_wconf 81' lang='grc' dir='ltr'>τῶν</span> 
     </span>
     <span class='ocr_line' id='line_1_3' title="bbox 321 908 736 997; baseline 0.005 -23"><span class='ocrx_word' id='word_1_12' title='bbox 321 908 531 992; x_wconf 79' lang='grc' dir='ltr'><strong><em>πολεμάρχων,</em></strong></span> <span class='ocrx_word' id='word_1_13' title='bbox 555 918 593 977; x_wconf 82' lang='grc'>111</span> <span class='ocrx_word' id='word_1_14' title='bbox 616 912 736 997; x_wconf 77' lang='lat' dir='ltr'>supra?</span> 
     </span>
    </p>

    <p class='ocr_par' dir='ltr' id='par_1_3' title="bbox 320 1023 1445 1566">
     <span class='ocr_line' id='line_1_4' title="bbox 365 1023 1443 1111; baseline 0.002 -23"><span class='ocrx_word' id='word_1_15' title='bbox 365 1024 421 1107; x_wconf 85' lang='lat' dir='ltr'>IV,</span> <span class='ocrx_word' id='word_1_16' title='bbox 446 1026 473 1088; x_wconf 89' lang='lat'>9.</span> <span class='ocrx_word' id='word_1_17' title='bbox 499 1024 655 1090; x_wconf 81' lang='lat' dir='ltr'>Graecum</span> <span class='ocrx_word' id='word_1_18' title='bbox 678 1043 744 1089; x_wconf 90' lang='lat' dir='ltr'>non</span> <span class='ocrx_word' id='word_1_19' title='bbox 768 1025 934 1109; x_wconf 71' lang='lat' dir='ltr'>estquod</span> <span class='ocrx_word' id='word_1_20' title='bbox 957 1026 1091 1111; x_wconf 84' lang='lat' dir='ltr'>legitur:</span> <span class='ocrx_word' id='word_1_21' title='bbox 1116 1023 1259 1105; x_wconf 80' lang='grc' dir='ltr'><strong><em>ἔπεμψαν</em></strong></span> <span class='ocrx_word' id='word_1_22' title='bbox 1281 1026 1307 1090; x_wconf 80' lang='grc' dir='ltr'>δ’</span> <span class='ocrx_word' id='word_1_23' title='bbox 1331 1024 1443 1098; x_wconf 82' lang='grc' dir='ltr'><strong><em>ἱππέας</em></strong></span> 
     </span>
     <span class='ocr_line' id='line_1_5' title="bbox 320 1134 1442 1220; baseline 0.004 -20"><span class='ocrx_word' id='word_1_24' title='bbox 320 1136 344 1201; x_wconf 88' lang='lat' dir='ltr'>oi</span> <span class='ocrx_word' id='word_1_25' title='bbox 366 1134 596 1209; x_wconf 73' lang='grc' dir='ltr'><em>κατεληλυθότες</em></span> <span class='ocrx_word' id='word_1_26' title='bbox 619 1136 668 1201; x_wconf 79' lang='grc' dir='ltr'>καί</span> <span class='ocrx_word' id='word_1_27' title='bbox 690 1135 740 1202; x_wconf 80' lang='grc' dir='ltr'>ἐπί</span> <span class='ocrx_word' id='word_1_28' title='bbox 765 1136 831 1210; x_wconf 84' lang='grc' dir='ltr'><strong><em>τοὺς</em></strong></span> <span class='ocrx_word' id='word_1_29' title='bbox 854 1138 922 1218; x_wconf 78' lang='grc' dir='ltr'><strong><em>πρὸς</em></strong></span> <span class='ocrx_word' id='word_1_30' title='bbox 943 1144 1002 1210; x_wconf 80' lang='grc' dir='ltr'><strong><em>τοῖς</em></strong></span> <span class='ocrx_word' id='word_1_31' title='bbox 1026 1137 1103 1220; x_wconf 84' lang='grc' dir='ltr'><strong><em>θρίοις</em></strong></span> <span class='ocrx_word' id='word_1_32' title='bbox 1125 1138 1284 1212; x_wconf 87' lang='grc' dir='ltr'><strong><em>Ἀθηναίων</em></strong></span> <span class='ocrx_word' id='word_1_33' title='bbox 1305 1139 1372 1211; x_wconf 84' lang='grc' dir='ltr'><strong><em>τοὺς</em></strong></span> <span class='ocrx_word' id='word_1_34' title='bbox 1390 1137 1442 1204; x_wconf 79' lang='grc' dir='ltr'>δύο</span> 
     </span>
     <span class='ocr_line' id='line_1_6' title="bbox 321 1250 1444 1336; baseline 0.004 -22"><span class='ocrx_word' id='word_1_35' title='bbox 321 1253 377 1314; x_wconf 81' lang='grc' dir='ltr'>τῶν</span> <span class='ocrx_word' id='word_1_36' title='bbox 408 1253 590 1331; x_wconf 73' lang='grc' dir='ltr'><em>στρατηγῶν,</em></span> <span class='ocrx_word' id='word_1_37' title='bbox 622 1270 729 1336; x_wconf 91' lang='lat' dir='ltr'>neque</span> <span class='ocrx_word' id='word_1_38' title='bbox 758 1250 983 1336; x_wconf 81' lang='lat' dir='ltr'>Xenophontis</span> <span class='ocrx_word' id='word_1_39' title='bbox 1007 1272 1122 1319; x_wconf 81' lang='lat' dir='ltr'>monus</span> <span class='ocrx_word' id='word_1_40' title='bbox 1142 1255 1323 1318; x_wconf 85' lang='lat' dir='ltr'>restituitur</span> <span class='ocrx_word' id='word_1_41' title='bbox 1344 1254 1444 1318; x_wconf 81' lang='lat' dir='ltr'>altero</span> 
     </span>
     <span class='ocr_line' id='line_1_7' title="bbox 321 1362 1445 1451; baseline 0.004 -23"><span class='ocrx_word' id='word_1_42' title='bbox 321 1362 388 1438; x_wconf 88' lang='grc' dir='ltr'><strong><em>τούς</em></strong></span> <span class='ocrx_word' id='word_1_43' title='bbox 418 1366 516 1449; x_wconf 89' lang='lat' dir='ltr'>(quod</span> <span class='ocrx_word' id='word_1_44' title='bbox 545 1371 619 1430; x_wconf 83' lang='lat' dir='ltr'>onte</span> <span class='ocrx_word' id='word_1_45' title='bbox 648 1364 697 1430; x_wconf 83' lang='grc' dir='ltr'>δύο</span> <span class='ocrx_word' id='word_1_46' title='bbox 727 1367 855 1451; x_wconf 83' lang='lat' dir='ltr'>legitur)</span> <span class='ocrx_word' id='word_1_47' title='bbox 888 1366 1029 1432; x_wconf 89' lang='lat' dir='ltr'>delendo.</span> <span class='ocrx_word' id='word_1_48' title='bbox 1062 1367 1250 1433; x_wconf 85' lang='lat' dir='ltr'>Locunosue</span> <span class='ocrx_word' id='word_1_49' title='bbox 1281 1373 1366 1433; x_wconf 89' lang='lat' dir='ltr'>totus</span> <span class='ocrx_word' id='word_1_50' title='bbox 1389 1369 1445 1432; x_wconf 90' lang='lat' dir='ltr'>hio</span> 
     </span>
     <span class='ocr_line' id='line_1_8' title="bbox 321 1480 1168 1566; baseline 0.002 -22"><span class='ocrx_word' id='word_1_51' title='bbox 321 1481 412 1545; x_wconf 85' lang='lat' dir='ltr'>loeus</span> <span class='ocrx_word' id='word_1_52' title='bbox 435 1485 492 1564; x_wconf 78' lang='lat' dir='ltr'>est,</span> <span class='ocrx_word' id='word_1_53' title='bbox 515 1480 601 1565; x_wconf 91' lang='lat' dir='ltr'>quod</span> <span class='ocrx_word' id='word_1_54' title='bbox 624 1500 643 1544; x_wconf 90' lang='lat' dir='ltr'>e</span> <span class='ocrx_word' id='word_1_55' title='bbox 667 1480 875 1566; x_wconf 87' lang='lat' dir='ltr'>sequentibus</span> <span class='ocrx_word' id='word_1_56' title='bbox 898 1481 935 1546; x_wconf 88' lang='lat' dir='ltr'>tit</span> <span class='ocrx_word' id='word_1_57' title='bbox 957 1482 1168 1548; x_wconf 68' lang='lat' dir='ltr'>manifesm.</span> 
     </span>
    </p>

    <p class='ocr_par' dir='ltr' id='par_1_4' title="bbox 322 1592 1446 1789">
     <span class='ocr_line' id='line_1_9' title="bbox 366 1592 1445 1686; baseline 0.003 -31"><span class='ocrx_word' id='word_1_58' title='bbox 366 1592 423 1676; x_wconf 87' lang='lat' dir='ltr'>IV,</span> <span class='ocrx_word' id='word_1_59' title='bbox 455 1593 505 1656; x_wconf 94' lang='grc'>11.</span> <span class='ocrx_word' id='word_1_60' title='bbox 535 1592 731 1679; x_wconf 76' lang='lat' dir='ltr'>oppugnant</span> <span class='ocrx_word' id='word_1_61' title='bbox 754 1613 859 1659; x_wconf 83' lang='lat' dir='ltr'>uroem</span> <span class='ocrx_word' id='word_1_62' title='bbox 884 1595 997 1686; x_wconf 80' lang='lat' dir='ltr'>exules</span> <span class='ocrx_word' id='word_1_63' title='bbox 1018 1594 1172 1660; x_wconf 78' lang='lat' dir='ltr'>Thebani:</span> <span class='ocrx_word' id='word_1_64' title='bbox 1197 1596 1234 1668; x_wconf 82' lang='grc' dir='ltr'>ιθς</span> <span class='ocrx_word' id='word_1_65' title='bbox 1258 1593 1284 1660; x_wconf 80' lang='grc' dir='ltr'>δ’</span> <span class='ocrx_word' id='word_1_66' title='bbox 1313 1592 1445 1674; x_wconf 83' lang='grc' dir='ltr'><strong><em>ἔγνωσαν</em></strong></span> 
     </span>
     <span class='ocr_line' id='line_1_10' title="bbox 322 1703 1446 1789; baseline 0.003 -20"><span class='ocrx_word' id='word_1_67' title='bbox 322 1705 346 1769; x_wconf 80' lang='grc' dir='ltr'>οἱ</span> <span class='ocrx_word' id='word_1_68' title='bbox 375 1706 405 1769; x_wconf 79' lang='grc' dir='ltr'>ἔν</span> <span class='ocrx_word' id='word_1_69' title='bbox 427 1713 464 1787; x_wconf 71' lang='grc' dir='ltr'>τῇ</span> <span class='ocrx_word' id='word_1_70' title='bbox 487 1703 638 1787; x_wconf 70' lang='grc' dir='ltr'><strong><em>ἀκροπόλει</em></strong></span> <span class='ocrx_word' id='word_1_71' title='bbox 661 1705 751 1785; x_wconf 87' lang='grc' dir='ltr'><strong><em>θλίγοι</em></strong></span> <span class='ocrx_word' id='word_1_72' title='bbox 773 1703 862 1780; x_wconf 81' lang='grc' dir='ltr'>ὄντες,</span> <span class='ocrx_word' id='word_1_73' title='bbox 886 1708 939 1780; x_wconf 81' lang='grc' dir='ltr'>την</span> <span class='ocrx_word' id='word_1_74' title='bbox 961 1731 995 1770; x_wconf 81' lang='grc' dir='ltr'>τε</span> <span class='ocrx_word' id='word_1_75' title='bbox 1015 1706 1175 1788; x_wconf 70' lang='grc' dir='ltr'><strong><em>προθυμίαν</em></strong></span> <span class='ocrx_word' id='word_1_76' title='bbox 1197 1710 1254 1771; x_wconf 80' lang='grc' dir='ltr'>τῶν</span> <span class='ocrx_word' id='word_1_77' title='bbox 1277 1705 1446 1789; x_wconf 73' lang='grc' dir='ltr'><strong><em>προσιόντων</em></strong></span> 
     </span>
    </p>
   </div>
   <div class='ocr_carea' id='block_1_3' title="bbox 279 1816 1449 2583">
    <p class='ocr_par' dir='ltr' id='par_1_5' title="bbox 279 1816 1449 2583">
     <span class='ocr_line' id='line_1_11' title="bbox 322 1816 1447 1901; baseline 0.003 -19"><span class='ocrx_word' id='word_1_78' title='bbox 322 1816 461 1882; x_wconf 69' lang='grc' dir='ltr'><strong><em>ἁπάντων</em></strong></span> <span class='ocrx_word' id='word_1_79' title='bbox 493 1819 589 1900; x_wconf 83' lang='grc' dir='ltr'><strong><em>ἔύρων,</em></strong></span> <span class='ocrx_word' id='word_1_80' title='bbox 621 1820 670 1883; x_wconf 79' lang='grc' dir='ltr'>καὶ</span> <span class='ocrx_word' id='word_1_81' title='bbox 701 1823 757 1883; x_wconf 79' lang='grc' dir='ltr'>τῶν</span> <span class='ocrx_word' id='word_1_82' title='bbox 786 1819 984 1901; x_wconf 69' lang='grc' dir='ltr'><strong><em>κηρυγμάτων</em></strong></span> <span class='ocrx_word' id='word_1_83' title='bbox 1014 1817 1156 1899; x_wconf 82' lang='grc' dir='ltr'><strong><em>μεγάλων</em></strong></span> <span class='ocrx_word' id='word_1_84' title='bbox 1182 1820 1360 1900; x_wconf 75' lang='grc' dir='ltr'><strong><em>γιγνομένων</em></strong></span> <span class='ocrx_word' id='word_1_85' title='bbox 1382 1828 1447 1896; x_wconf 83' lang='grc' dir='ltr'><strong><em>τοῖς</em></strong></span> 
     </span>
     <span class='ocr_line' id='line_1_12' title="bbox 323 1930 1448 2014; baseline 0.004 -19"><span class='ocrx_word' id='word_1_86' title='bbox 323 1935 442 2014; x_wconf 79' lang='grc' dir='ltr'><strong><em>πρώτοις</em></strong></span> <span class='ocrx_word' id='word_1_87' title='bbox 466 1931 623 2010; x_wconf 81' lang='grc' dir='ltr'><strong><em>άναβάσιν,</em></strong></span> <span class='ocrx_word' id='word_1_88' title='bbox 647 1933 680 1996; x_wconf 74' lang='grc' dir='ltr'>ἐκ</span> <span class='ocrx_word' id='word_1_89' title='bbox 702 1930 803 1996; x_wconf 89' lang='grc' dir='ltr'><strong><em>τούτου</em></strong></span> <span class='ocrx_word' id='word_1_90' title='bbox 822 1933 884 1997; x_wconf 85' lang='grc' dir='ltr'>κτέ.</span> <span class='ocrx_word' id='word_1_91' title='bbox 905 1933 989 1999; x_wconf 79' lang='lat' dir='ltr'>Male</span> <span class='ocrx_word' id='word_1_92' title='bbox 1008 1934 1087 1999; x_wconf 82' lang='lat' dir='ltr'>haec</span> <span class='ocrx_word' id='word_1_93' title='bbox 1107 1935 1284 2000; x_wconf 83' lang='lat' dir='ltr'>cohaerent.</span> <span class='ocrx_word' id='word_1_94' title='bbox 1304 1934 1339 1999; x_wconf 84' lang='lat' dir='ltr'>Si</span> <span class='ocrx_word' id='word_1_95' title='bbox 1358 1937 1448 2000; x_wconf 91' lang='lat' dir='ltr'>enim</span> 
     </span>
     <span class='ocr_line' id='line_1_13' title="bbox 321 2043 1448 2132; baseline 0.002 -22"><span class='ocrx_word' id='word_1_96' title='bbox 321 2045 451 2126; x_wconf 88' lang='grc' dir='ltr'><strong><em>ἔγνωσαν</em></strong></span> <span class='ocrx_word' id='word_1_97' title='bbox 470 2043 560 2123; x_wconf 78' lang='grc' dir='ltr'><strong><em>ὀλίγον</em></strong></span> <span class='ocrx_word' id='word_1_98' title='bbox 579 2043 658 2117; x_wconf 79' lang='grc' dir='ltr'><strong><em>ὄντες</em></strong></span> <span class='ocrx_word' id='word_1_99' title='bbox 676 2045 850 2131; x_wconf 83' lang='lat' dir='ltr'>signifieat:</span> <span class='ocrx_word' id='word_1_100' title='bbox 875 2067 1020 2132; x_wconf 83' lang='lat' dir='ltr'>„pouoos</span> <span class='ocrx_word' id='word_1_101' title='bbox 1042 2068 1076 2113; x_wconf 90' lang='lat' dir='ltr'>se</span> <span class='ocrx_word' id='word_1_102' title='bbox 1096 2067 1167 2114; x_wconf 90' lang='lat' dir='ltr'>esse</span> <span class='ocrx_word' id='word_1_103' title='bbox 1185 2049 1448 2114; x_wconf 66' lang='lat' dir='ltr'>intellexerunt’b</span> 
     </span>
     <span class='ocr_line' id='line_1_14' title="bbox 324 2157 1449 2246; baseline 0.002 -21"><span class='ocrx_word' id='word_1_104' title='bbox 324 2160 530 2246; x_wconf 70' lang='lat' dir='ltr'>particulare</span> <span class='ocrx_word' id='word_1_105' title='bbox 549 2179 616 2222; x_wconf 93' lang='lat' dir='ltr'>non</span> <span class='ocrx_word' id='word_1_106' title='bbox 634 2164 738 2244; x_wconf 87' lang='lat' dir='ltr'>potest</span> <span class='ocrx_word' id='word_1_107' title='bbox 755 2161 911 2226; x_wconf 86' lang='lat' dir='ltr'>inservire</span> <span class='ocrx_word' id='word_1_108' title='bbox 930 2161 1035 2226; x_wconf 83' lang='lat' dir='ltr'>verbis</span> <span class='ocrx_word' id='word_1_109' title='bbox 1054 2157 1185 2239; x_wconf 89' lang='grc' dir='ltr'><strong><em>ἔγνωσαν</em></strong></span> <span class='ocrx_word' id='word_1_110' title='bbox 1205 2166 1237 2226; x_wconf 93' lang='lat' dir='ltr'>et</span> <span class='ocrx_word' id='word_1_111' title='bbox 1256 2159 1343 2241; x_wconf 81' lang='grc' dir='ltr'><strong><em>ἓθρων</em></strong></span> <span class='ocrx_word' id='word_1_112' title='bbox 1361 2163 1449 2227; x_wconf 88' lang='lat' dir='ltr'>iuter</span> 
     </span>
     <span class='ocr_line' id='line_1_15' title="bbox 322 2272 1447 2359; baseline 0.002 -21"><span class='ocrx_word' id='word_1_113' title='bbox 322 2293 356 2339; x_wconf 90' lang='grc' dir='ltr'>εθ</span> <span class='ocrx_word' id='word_1_114' title='bbox 379 2273 569 2358; x_wconf 86' lang='lat' dir='ltr'>iungendis;</span> <span class='ocrx_word' id='word_1_115' title='bbox 593 2291 630 2336; x_wconf 82' lang='lat' dir='ltr'>ea</span> <span class='ocrx_word' id='word_1_116' title='bbox 652 2274 739 2338; x_wconf 87' lang='lat' dir='ltr'>enim</span> <span class='ocrx_word' id='word_1_117' title='bbox 763 2274 802 2336; x_wconf 85' lang='lat' dir='ltr'>ad</span> <span class='ocrx_word' id='word_1_118' title='bbox 826 2292 965 2357; x_wconf 87' lang='lat' dir='ltr'>sequens</span> <span class='ocrx_word' id='word_1_119' title='bbox 987 2272 1040 2337; x_wconf 85' lang='grc' dir='ltr'>καί</span> <span class='ocrx_word' id='word_1_120' title='bbox 1060 2275 1204 2359; x_wconf 87' lang='lat' dir='ltr'>pertinet.</span> <span class='ocrx_word' id='word_1_121' title='bbox 1230 2273 1345 2358; x_wconf 89' lang='lat' dir='ltr'>Neque</span> <span class='ocrx_word' id='word_1_122' title='bbox 1369 2277 1447 2340; x_wconf 86' lang='lat' dir='ltr'>setis</span> 
     </span>
     <span class='ocr_line' id='line_1_16' title="bbox 323 2385 1447 2468; baseline -0.001 -16"><span class='ocrx_word' id='word_1_123' title='bbox 323 2389 480 2452; x_wconf 84' lang='lat' dir='ltr'>concinna</span> <span class='ocrx_word' id='word_1_124' title='bbox 503 2387 581 2451; x_wconf 82' lang='lat' dir='ltr'>haee</span> <span class='ocrx_word' id='word_1_125' title='bbox 604 2392 696 2451; x_wconf 86' lang='lat' dir='ltr'>sunt:</span> <span class='ocrx_word' id='word_1_126' title='bbox 721 2386 777 2458; x_wconf 84' lang='grc' dir='ltr'><strong><em>ιθς.</em></strong></span> <span class='ocrx_word' id='word_1_127' title='bbox 792 2433 799 2450; x_wconf 91' lang='grc'><strong>.</strong></span> <span class='ocrx_word' id='word_1_128' title='bbox 814 2433 844 2448; x_wconf 91' lang='grc'>..</span> <span class='ocrx_word' id='word_1_129' title='bbox 869 2385 923 2459; x_wconf 72' lang='grc' dir='ltr'>τείν</span> <span class='ocrx_word' id='word_1_130' title='bbox 946 2410 979 2450; x_wconf 86' lang='grc' dir='ltr'>τε</span> <span class='ocrx_word' id='word_1_131' title='bbox 1002 2385 1161 2467; x_wconf 73' lang='grc' dir='ltr'><strong><em>προθυμίαν</em></strong></span> <span class='ocrx_word' id='word_1_132' title='bbox 1174 2434 1182 2449; x_wconf 91' lang='grc'><strong>.</strong></span> <span class='ocrx_word' id='word_1_133' title='bbox 1196 2435 1204 2449; x_wconf 92' lang='grc'><strong>.</strong></span> <span class='ocrx_word' id='word_1_134' title='bbox 1275 2387 1373 2468; x_wconf 83' lang='grc' dir='ltr'><strong><em>ἑώρων,</em></strong></span> <span class='ocrx_word' id='word_1_135' title='bbox 1393 2386 1447 2452; x_wconf 79' lang='grc' dir='ltr'>καὶ</span> 
     </span>
     <span class='ocr_line' id='line_1_17' title="bbox 279 2496 1448 2583; baseline 0.001 -18"><span class='ocrx_word' id='word_1_136' title='bbox 279 2496 283 2504; x_wconf 68' lang='grc'><strong>’</strong></span> <span class='ocrx_word' id='word_1_137' title='bbox 322 2505 379 2565; x_wconf 81' lang='grc' dir='ltr'>τῶν</span> <span class='ocrx_word' id='word_1_138' title='bbox 402 2496 598 2580; x_wconf 69' lang='grc' dir='ltr'><strong><em>κηρυγμάτων</em></strong></span> <span class='ocrx_word' id='word_1_139' title='bbox 621 2496 763 2577; x_wconf 85' lang='grc' dir='ltr'><strong><em>μεγάλων</em></strong></span> <span class='ocrx_word' id='word_1_140' title='bbox 781 2497 978 2576; x_wconf 67' lang='grc' dir='ltr'><strong><em>γιγνομέναις</em></strong></span> <span class='ocrx_word' id='word_1_141' title='bbox 999 2498 1250 2583; x_wconf 82' lang='lat' dir='ltr'>Xenophonteae</span> <span class='ocrx_word' id='word_1_142' title='bbox 1272 2507 1448 2566; x_wconf 78' lang='grc'><strong>00110010·</strong></span> 
     </span>
    </p>
   </div>
   <div class='ocr_carea' id='block_1_4' title="bbox 321 2612 1449 4408">
    <p class='ocr_par' dir='ltr' id='par_1_6' title="bbox 322 2612 1449 3378">
     <span class='ocr_line' id='line_1_18' title="bbox 323 2612 1449 2681; baseline 0 -1"><span class='ocrx_word' id='word_1_143' title='bbox 323 2616 402 2680; x_wconf 89' lang='lat' dir='ltr'>tioni</span> <span class='ocrx_word' id='word_1_144' title='bbox 434 2614 590 2680; x_wconf 88' lang='lat' dir='ltr'>eiusmodi</span> <span class='ocrx_word' id='word_1_145' title='bbox 622 2613 823 2678; x_wconf 84' lang='lat' dir='ltr'>enaooluthio</span> <span class='ocrx_word' id='word_1_146' title='bbox 853 2633 919 2677; x_wconf 90' lang='lat' dir='ltr'>non</span> <span class='ocrx_word' id='word_1_147' title='bbox 943 2615 1099 2678; x_wconf 83' lang='lat' dir='ltr'>convenit.</span> <span class='ocrx_word' id='word_1_148' title='bbox 1126 2612 1223 2679; x_wconf 87' lang='lat' dir='ltr'>Deest</span> <span class='ocrx_word' id='word_1_149' title='bbox 1246 2620 1355 2679; x_wconf 83' lang='lat' dir='ltr'>autem</span> <span class='ocrx_word' id='word_1_150' title='bbox 1377 2634 1449 2681; x_wconf 88' lang='lat' dir='ltr'>ver-</span> 
     </span>
     <span class='ocr_line' id='line_1_19' title="bbox 323 2724 1448 2813; baseline 0.002 -21"><span class='ocrx_word' id='word_1_151' title='bbox 323 2729 410 2812; x_wconf 85' lang='lat' dir='ltr'>bum,</span> <span class='ocrx_word' id='word_1_152' title='bbox 440 2728 526 2792; x_wconf 89' lang='lat' dir='ltr'>unde</span> <span class='ocrx_word' id='word_1_153' title='bbox 547 2729 710 2812; x_wconf 87' lang='lat' dir='ltr'>genitivus</span> <span class='ocrx_word' id='word_1_154' title='bbox 732 2724 928 2807; x_wconf 74' lang='grc' dir='ltr'><strong><em>κηρυγμάτων</em></strong></span> <span class='ocrx_word' id='word_1_155' title='bbox 952 2750 986 2804; x_wconf 87' lang='grc' dir='ltr'>μ.</span> <span class='ocrx_word' id='word_1_156' title='bbox 1013 2751 1043 2805; x_wconf 94' lang='grc' dir='ltr'><strong><em>γ.</em></strong></span> <span class='ocrx_word' id='word_1_157' title='bbox 1069 2727 1207 2812; x_wconf 87' lang='lat' dir='ltr'>pendere</span> <span class='ocrx_word' id='word_1_158' title='bbox 1229 2730 1347 2813; x_wconf 88' lang='lat' dir='ltr'>possit;</span> <span class='ocrx_word' id='word_1_159' title='bbox 1373 2729 1448 2794; x_wconf 90' lang='lat' dir='ltr'>nul-</span> 
     </span>
     <span class='ocr_line' id='line_1_20' title="bbox 323 2839 1447 2927; baseline 0.001 -21"><span class='ocrx_word' id='word_1_160' title='bbox 323 2844 457 2926; x_wconf 90' lang='lat' dir='ltr'>lumque</span> <span class='ocrx_word' id='word_1_161' title='bbox 488 2844 593 2927; x_wconf 86' lang='lat' dir='ltr'>aptius</span> <span class='ocrx_word' id='word_1_162' title='bbox 624 2848 672 2907; x_wconf 89' lang='lat' dir='ltr'>est</span> <span class='ocrx_word' id='word_1_163' title='bbox 695 2862 793 2925; x_wconf 83' lang='lat' dir='ltr'>quam</span> <span class='ocrx_word' id='word_1_164' title='bbox 815 2839 924 2924; x_wconf 79' lang='grc' dir='ltr'><strong><em>ἤκουον,</em></strong></span> <span class='ocrx_word' id='word_1_165' title='bbox 949 2842 1034 2926; x_wconf 89' lang='lat' dir='ltr'>quod</span> <span class='ocrx_word' id='word_1_166' title='bbox 1058 2862 1132 2927; x_wconf 84' lang='lat' dir='ltr'>ergo</span> <span class='ocrx_word' id='word_1_167' title='bbox 1154 2848 1226 2927; x_wconf 89' lang='lat' dir='ltr'>post</span> <span class='ocrx_word' id='word_1_168' title='bbox 1249 2841 1447 2924; x_wconf 88' lang='grc' dir='ltr'><strong><em>κηρυγμάτων</em></strong></span> 
     </span>
     <span class='ocr_line' id='line_1_21' title="bbox 323 2954 1447 3038; baseline 0.001 -19"><span class='ocrx_word' id='word_1_169' title='bbox 323 2957 531 3021; x_wconf 87' lang='lat' dir='ltr'>inserendum</span> <span class='ocrx_word' id='word_1_170' title='bbox 558 2957 692 3021; x_wconf 89' lang='lat' dir='ltr'>videtur.</span> <span class='ocrx_word' id='word_1_171' title='bbox 715 2954 883 3020; x_wconf 79' lang='lat' dir='ltr'>Praetereo</span> <span class='ocrx_word' id='word_1_172' title='bbox 907 2960 964 3020; x_wconf 82' lang='lat' dir='ltr'>out</span> <span class='ocrx_word' id='word_1_173' title='bbox 986 2954 1038 3019; x_wconf 90' lang='grc' dir='ltr'>καί</span> <span class='ocrx_word' id='word_1_174' title='bbox 1059 2954 1263 3030; x_wconf 69' lang='lat' dir='ltr'>anteriore</span> <span class='ocrx_word' id='word_1_175' title='bbox 1287 2955 1447 3038; x_wconf 82' lang='grc' dir='ltr'><strong><em>προθυμίαν</em></strong></span> 
     </span>
     <span class='ocr_line' id='line_1_22' title="bbox 322 3068 1447 3155; baseline 0.002 -22"><span class='ocrx_word' id='word_1_176' title='bbox 322 3070 539 3153; x_wconf 83' lang='lat' dir='ltr'>inserendum,</span> <span class='ocrx_word' id='word_1_177' title='bbox 561 3075 628 3152; x_wconf 80' lang='lat' dir='ltr'>aut,</span> <span class='ocrx_word' id='word_1_178' title='bbox 646 3070 733 3155; x_wconf 89' lang='lat' dir='ltr'>quod</span> <span class='ocrx_word' id='word_1_179' title='bbox 752 3068 949 3154; x_wconf 86' lang='lat' dir='ltr'>probabilius</span> <span class='ocrx_word' id='word_1_180' title='bbox 969 3070 1105 3153; x_wconf 82' lang='lat' dir='ltr'>ridetur,</span> <span class='ocrx_word' id='word_1_181' title='bbox 1124 3068 1254 3148; x_wconf 83' lang='grc' dir='ltr'><strong><em>ἔγνωσαν</em></strong></span> <span class='ocrx_word' id='word_1_182' title='bbox 1275 3071 1447 3136; x_wconf 88' lang='lat' dir='ltr'>delendum</span> 
     </span>
     <span class='ocr_line' id='line_1_23' title="bbox 324 3181 1447 3270; baseline 0 -20"><span class='ocrx_word' id='word_1_183' title='bbox 324 3190 388 3250; x_wconf 87' lang='lat' dir='ltr'>est:</span> <span class='ocrx_word' id='word_1_184' title='bbox 420 3186 636 3269; x_wconf 87' lang='lat' dir='ltr'>suspicionem</span> <span class='ocrx_word' id='word_1_185' title='bbox 667 3185 753 3248; x_wconf 89' lang='lat' dir='ltr'>enim</span> <span class='ocrx_word' id='word_1_186' title='bbox 782 3187 891 3248; x_wconf 86' lang='lat' dir='ltr'>movet</span> <span class='ocrx_word' id='word_1_187' title='bbox 917 3185 1055 3249; x_wconf 88' lang='lat' dir='ltr'>ooristus</span> <span class='ocrx_word' id='word_1_188' title='bbox 1079 3181 1210 3262; x_wconf 83' lang='grc' dir='ltr'><strong><em>ἔγνωσαν</em></strong></span> <span class='ocrx_word' id='word_1_189' title='bbox 1234 3205 1309 3250; x_wconf 90' lang='lat' dir='ltr'>oum</span> <span class='ocrx_word' id='word_1_190' title='bbox 1331 3187 1447 3270; x_wconf 88' lang='lat' dir='ltr'>imper-</span> 
     </span>
     <span class='ocr_line' id='line_1_24' title="bbox 322 3298 677 3378; baseline 0 -16"><span class='ocrx_word' id='word_1_191' title='bbox 322 3298 404 3364; x_wconf 85' lang='lat' dir='ltr'>feoto</span> <span class='ocrx_word' id='word_1_192' title='bbox 428 3298 515 3378; x_wconf 83' lang='grc' dir='ltr'><strong><em>ἑώρων</em></strong></span> <span class='ocrx_word' id='word_1_193' title='bbox 538 3300 677 3363; x_wconf 81' lang='lat' dir='ltr'>iunctus.</span> 
     </span>
    </p>

    <p class='ocr_par' dir='ltr' id='par_1_7' title="bbox 321 3410 1449 4295">
     <span class='ocr_line' id='line_1_25' title="bbox 367 3410 1445 3496; baseline 0 -20"><span class='ocrx_word' id='word_1_194' title='bbox 367 3413 423 3495; x_wconf 86' lang='lat' dir='ltr'>IV,</span> <span class='ocrx_word' id='word_1_195' title='bbox 445 3412 494 3475; x_wconf 88' lang='grc'>13.</span> <span class='ocrx_word' id='word_1_196' title='bbox 517 3411 675 3476; x_wconf 81' lang='lat' dir='ltr'>Thebanis</span> <span class='ocrx_word' id='word_1_197' title='bbox 696 3411 816 3476; x_wconf 90' lang='lat' dir='ltr'>bellum</span> <span class='ocrx_word' id='word_1_198' title='bbox 837 3411 985 3476; x_wconf 90' lang='lat' dir='ltr'>indicunt</span> <span class='ocrx_word' id='word_1_199' title='bbox 1005 3411 1169 3496; x_wconf 82' lang='lat' dir='ltr'>Spartani:</span> <span class='ocrx_word' id='word_1_200' title='bbox 1191 3410 1243 3476; x_wconf 81' lang='grc' dir='ltr'>καὶ</span> <span class='ocrx_word' id='word_1_201' title='bbox 1260 3412 1445 3490; x_wconf 80' lang='grc' dir='ltr'><strong><em>Ἀγησίλαος</em></strong></span> 
     </span>
     <span class='ocr_line' id='line_1_26' title="bbox 323 3521 1446 3605; baseline -0.004 -14"><span class='ocrx_word' id='word_1_202' title='bbox 323 3527 377 3605; x_wconf 84' lang='grc' dir='ltr'>μὲν</span> <span class='ocrx_word' id='word_1_203' title='bbox 409 3524 502 3605; x_wconf 82' lang='grc' dir='ltr'><strong><em>λέγων</em></strong></span> <span class='ocrx_word' id='word_1_204' title='bbox 532 3523 575 3589; x_wconf 79' lang='grc' dir='ltr'>ἔτι</span> <span class='ocrx_word' id='word_1_205' title='bbox 601 3524 668 3605; x_wconf 81' lang='grc' dir='ltr'><strong><em>ὑπὲρ</em></strong></span> <span class='ocrx_word' id='word_1_206' title='bbox 691 3522 910 3605; x_wconf 86' lang='grc' dir='ltr'><strong><em>τετταράκοντα</em></strong></span> <span class='ocrx_word' id='word_1_207' title='bbox 933 3525 992 3605; x_wconf 82' lang='grc' dir='ltr'>άφ’</span> <span class='ocrx_word' id='word_1_208' title='bbox 1017 3521 1094 3602; x_wconf 76' lang='grc' dir='ltr'><strong><em>ἥβης</em></strong></span> <span class='ocrx_word' id='word_1_209' title='bbox 1117 3522 1169 3598; x_wconf 77' lang='grc' dir='ltr'>εἴη,</span> <span class='ocrx_word' id='word_1_210' title='bbox 1194 3523 1245 3588; x_wconf 78' lang='grc' dir='ltr'>καί</span> <span class='ocrx_word' id='word_1_211' title='bbox 1268 3521 1361 3605; x_wconf 74' lang='grc' dir='ltr'><strong><em>ὥσπερ</em></strong></span> <span class='ocrx_word' id='word_1_212' title='bbox 1384 3529 1446 3597; x_wconf 81' lang='grc' dir='ltr'><strong><em>τοῖς</em></strong></span> 
     </span>
     <span class='ocr_line' id='line_1_27' title="bbox 322 3634 1445 3717; baseline -0.005 -11"><span class='ocrx_word' id='word_1_213' title='bbox 322 3640 423 3714; x_wconf 75' lang='grc' dir='ltr'><strong><em>ἄλλοις</em></strong></span> <span class='ocrx_word' id='word_1_214' title='bbox 452 3647 515 3711; x_wconf 80' lang='grc' dir='ltr'><strong><em>τοῖς</em></strong></span> <span class='ocrx_word' id='word_1_215' title='bbox 541 3637 718 3713; x_wconf 74' lang='grc' dir='ltr'><strong><em>τηλικούτοις</em></strong></span> <span class='ocrx_word' id='word_1_216' title='bbox 742 3637 836 3703; x_wconf 87' lang='grc' dir='ltr'><strong><em>ούκέτι</em></strong></span> <span class='ocrx_word' id='word_1_217' title='bbox 859 3638 975 3716; x_wconf 75' lang='grc' dir='ltr'><strong><em>ἀνάγκη</em></strong></span> <span class='ocrx_word' id='word_1_218' title='bbox 1001 3639 1041 3711; x_wconf 86' lang='grc' dir='ltr'>είη</span> <span class='ocrx_word' id='word_1_219' title='bbox 1066 3644 1120 3711; x_wconf 76' lang='grc' dir='ltr'>τῆς</span> <span class='ocrx_word' id='word_1_220' title='bbox 1144 3638 1254 3702; x_wconf 79' lang='grc' dir='ltr'><strong><em>ἑαυτῶν</em></strong></span> <span class='ocrx_word' id='word_1_221' title='bbox 1279 3634 1332 3712; x_wconf 76' lang='grc' dir='ltr'>ἔξω</span> <span class='ocrx_word' id='word_1_222' title='bbox 1356 3661 1445 3717; x_wconf 90' lang='grc' dir='ltr'><strong><em>στρα-</em></strong></span> 
     </span>
     <span class='ocr_line' id='line_1_28' title="bbox 322 3748 1447 3830; baseline -0.005 -10"><span class='ocrx_word' id='word_1_223' title='bbox 322 3755 463 3827; x_wconf 83' lang='grc' dir='ltr'><strong><em>τεύεσθαι,</em></strong></span> <span class='ocrx_word' id='word_1_224' title='bbox 488 3751 559 3818; x_wconf 83' lang='grc' dir='ltr'><strong><em>οὕτω</em></strong></span> <span class='ocrx_word' id='word_1_225' title='bbox 583 3751 618 3825; x_wconf 77' lang='grc' dir='ltr'>δη</span> <span class='ocrx_word' id='word_1_226' title='bbox 641 3751 692 3816; x_wconf 76' lang='grc' dir='ltr'>καί</span> <span class='ocrx_word' id='word_1_227' title='bbox 717 3751 873 3830; x_wconf 84' lang='grc' dir='ltr'><strong><em>βασιλεῦσι</em></strong></span> <span class='ocrx_word' id='word_1_228' title='bbox 897 3751 946 3816; x_wconf 81' lang='grc' dir='ltr'>τὸν</span> <span class='ocrx_word' id='word_1_229' title='bbox 969 3753 1058 3816; x_wconf 80' lang='grc' dir='ltr'><strong><em>αύτθν</em></strong></span> <span class='ocrx_word' id='word_1_230' title='bbox 1082 3750 1166 3829; x_wconf 89' lang='grc' dir='ltr'><strong><em>ιθμον</em></strong></span> <span class='ocrx_word' id='word_1_231' title='bbox 1190 3748 1261 3815; x_wconf 85' lang='grc' dir='ltr'><strong><em>ύντα</em></strong></span> <span class='ocrx_word' id='word_1_232' title='bbox 1283 3748 1447 3816; x_wconf 69' lang='grc' dir='ltr'><strong><em>άπεθείκνυ</em></strong></span> 
     </span>
     <span class='ocr_line' id='line_1_29' title="bbox 322 3864 1449 3946; baseline -0.005 -12"><span class='ocrx_word' id='word_1_233' title='bbox 322 3870 454 3941; x_wconf 80' lang='grc' dir='ltr'><strong><em>κάκεῑνος</em></strong></span> <span class='ocrx_word' id='word_1_234' title='bbox 478 3869 532 3946; x_wconf 87' lang='grc' dir='ltr'>μὲν</span> <span class='ocrx_word' id='word_1_235' title='bbox 555 3866 590 3940; x_wconf 67' lang='grc' dir='ltr'>δὴ</span> <span class='ocrx_word' id='word_1_236' title='bbox 610 3866 704 3944; x_wconf 82' lang='grc' dir='ltr'><strong><em>λέγων</em></strong></span> <span class='ocrx_word' id='word_1_237' title='bbox 723 3871 824 3930; x_wconf 81' lang='grc' dir='ltr'><strong><em>ταῦτα</em></strong></span> <span class='ocrx_word' id='word_1_238' title='bbox 844 3866 895 3930; x_wconf 85' lang='grc' dir='ltr'>ούκ</span> <span class='ocrx_word' id='word_1_239' title='bbox 915 3864 1110 3946; x_wconf 81' lang='grc' dir='ltr'><strong><em>ἐστρατεύετο.</em></strong></span> <span class='ocrx_word' id='word_1_240' title='bbox 1133 3865 1300 3930; x_wconf 71' lang='grc'><strong>8010001111]</strong></span> <span class='ocrx_word' id='word_1_241' title='bbox 1321 3865 1449 3928; x_wconf 88' lang='lat' dir='ltr'>videtur</span> 
     </span>
     <span class='ocr_line' id='line_1_30' title="bbox 323 3978 1445 4064; baseline -0.005 -16"><span class='ocrx_word' id='word_1_242' title='bbox 323 3990 384 4055; x_wconf 83' lang='grc' dir='ltr'><strong><em>τοῖς</em></strong></span> <span class='ocrx_word' id='word_1_243' title='bbox 414 3981 515 4054; x_wconf 74' lang='grc' dir='ltr'><strong><em>ἄλλοις</em></strong></span> <span class='ocrx_word' id='word_1_244' title='bbox 538 3987 623 4053; x_wconf 82' lang='grc' dir='ltr'><strong><em>τοῖς</em></strong></span> <span class='ocrx_word' id='word_1_245' title='bbox 646 3978 833 4054; x_wconf 86' lang='grc' dir='ltr'><strong><em>τηλικούτοις,</em></strong></span> <span class='ocrx_word' id='word_1_246' title='bbox 860 3981 1095 4064; x_wconf 91' lang='lat' dir='ltr'>delendumque</span> <span class='ocrx_word' id='word_1_247' title='bbox 1118 3980 1256 4044; x_wconf 86' lang='lat' dir='ltr'>alterum</span> <span class='ocrx_word' id='word_1_248' title='bbox 1279 3984 1345 4051; x_wconf 81' lang='grc' dir='ltr'><strong><em>τοῖς.</em></strong></span> <span class='ocrx_word' id='word_1_249' title='bbox 1367 3978 1445 4042; x_wconf 77' lang='lat' dir='ltr'>Toto</span> 
     </span>
     <span class='ocr_line' id='line_1_31' title="bbox 322 4091 1449 4179; baseline -0.008 -15"><span class='ocrx_word' id='word_1_250' title='bbox 322 4105 429 4164; x_wconf 83' lang='lat' dir='ltr'>sutem</span> <span class='ocrx_word' id='word_1_251' title='bbox 453 4098 610 4162; x_wconf 83' lang='lat' dir='ltr'>sententis</span> <span class='ocrx_word' id='word_1_252' title='bbox 632 4098 739 4179; x_wconf 91' lang='lat' dir='ltr'>inepte</span> <span class='ocrx_word' id='word_1_253' title='bbox 764 4096 937 4179; x_wconf 82' lang='lat' dir='ltr'>composita</span> <span class='ocrx_word' id='word_1_254' title='bbox 961 4099 1025 4158; x_wconf 88' lang='lat' dir='ltr'>est:</span> <span class='ocrx_word' id='word_1_255' title='bbox 1051 4099 1087 4157; x_wconf 92' lang='lat' dir='ltr'>ut</span> <span class='ocrx_word' id='word_1_256' title='bbox 1110 4095 1267 4157; x_wconf 81' lang='lat' dir='ltr'>concinne</span> <span class='ocrx_word' id='word_1_257' title='bbox 1290 4091 1354 4175; x_wconf 84' lang='lat' dir='ltr'>fiat,</span> <span class='ocrx_word' id='word_1_258' title='bbox 1376 4112 1449 4175; x_wconf 82' lang='lat' dir='ltr'>par·</span> 
     </span>
     <span class='ocr_line' id='line_1_32' title="bbox 321 4205 1243 4295; baseline -0.01 -17"><span class='ocrx_word' id='word_1_259' title='bbox 321 4212 420 4277; x_wconf 82' lang='lat' dir='ltr'>tioula</span> <span class='ocrx_word' id='word_1_260' title='bbox 441 4209 493 4274; x_wconf 89' lang='grc' dir='ltr'>καί</span> <span class='ocrx_word' id='word_1_261' title='bbox 514 4212 607 4295; x_wconf 86' lang='lat' dir='ltr'>(quoe</span> <span class='ocrx_word' id='word_1_262' title='bbox 629 4215 703 4274; x_wconf 84' lang='lat' dir='ltr'>ente</span> <span class='ocrx_word' id='word_1_263' title='bbox 726 4205 819 4288; x_wconf 76' lang='grc' dir='ltr'><strong><em>ὥσπερ</em></strong></span> <span class='ocrx_word' id='word_1_264' title='bbox 842 4209 969 4292; x_wconf 84' lang='lat' dir='ltr'>legitur)</span> <span class='ocrx_word' id='word_1_265' title='bbox 995 4206 1166 4270; x_wconf 85' lang='lat' dir='ltr'>eximenda</span> <span class='ocrx_word' id='word_1_266' title='bbox 1188 4211 1243 4270; x_wconf 82' lang='lat' dir='ltr'>est.</span> 
     </span>
    </p>

    <p class='ocr_par' dir='ltr' id='par_1_8' title="bbox 367 4320 1448 4408">
     <span class='ocr_line' id='line_1_33' title="bbox 367 4320 1448 4408; baseline -0.007 -19"><span class='ocrx_word' id='word_1_267' title='bbox 367 4325 423 4408; x_wconf 88' lang='lat' dir='ltr'>IV,</span> <span class='ocrx_word' id='word_1_268' title='bbox 457 4324 506 4387; x_wconf 78' lang='lat'>17.</span> <span class='ocrx_word' id='word_1_269' title='bbox 539 4322 706 4388; x_wconf 89' lang='lat' dir='ltr'>Redeunte</span> <span class='ocrx_word' id='word_1_270' title='bbox 730 4342 747 4386; x_wconf 93' lang='lat' dir='ltr'>e</span> <span class='ocrx_word' id='word_1_271' title='bbox 769 4321 901 4386; x_wconf 85' lang='lat' dir='ltr'>Boeotio</span> <span class='ocrx_word' id='word_1_272' title='bbox 926 4320 1125 4386; x_wconf 81' lang='lat' dir='ltr'>Cleombroto</span> <span class='ocrx_word' id='word_1_273' title='bbox 1150 4321 1321 4385; x_wconf 88' lang='lat' dir='ltr'>vehemens</span> <span class='ocrx_word' id='word_1_274' title='bbox 1345 4320 1448 4384; x_wconf 89' lang='lat' dir='ltr'>oritur</span> 
     </span>
    </p>
   </div>
   <div class='ocr_carea' id='block_1_5' title="bbox 0 0 1672 5262">
    <p class='ocr_par' dir='ltr' id='par_1_9' title="bbox 0 0 1672 5262">
     <span class='ocr_line' id='line_1_34' title="bbox 0 0 1672 5262; baseline 0 0"><span class='ocrx_word' id='word_1_275' title='bbox 0 0 1672 5262; x_wconf 95' lang='lat' dir='ltr'> </span> 
     </span>
    </p>
   </div>
  </div>
 </body>
</html>
