3352 5260
872 605 936 671 128

335 791 453 858 bantur
485 793 699 858 familiaritate
732 811 807 857 cum
837 792 935 857 nullis
965 792 1149 858 hominibus
1181 792 1335 859 libentius
1363 794 1459 859 collo·

338 905 520 991 quebantur
553 925 649 989 quam
686 924 759 970 cum
793 906 843 988 iis,
877 905 934 990 qui
963 904 1194 990 rempublicam
1227 907 1459 991 capessebant?

337 1019 481 1084 Homine
510 1037 586 1084 vcro
617 1037 683 1083 cac
712 1018 881 1102 colloquio,
911 1020 945 1082 in
977 1037 1040 1102 qno
1073 1018 1180 1082 nullae
1210 1017 1327 1084 Critiae
1354 1024 1460 1103 partes

339 1137 423 1214 sunt,
454 1131 672 1196 demonstrari.
702 1132 812 1215 Atque
841 1131 874 1195 id
905 1132 1022 1215 ipsum,
1051 1131 1137 1216 quod
1161 1133 1218 1196 vix
1240 1151 1278 1196 eo
1302 1132 1461 1216 colloquio

336 1245 496 1330 probatur,
519 1245 606 1310 haud
633 1245 745 1310 leviter
768 1263 842 1308 oum
862 1245 904 1308 iis
927 1249 1035 1326 certat,
1058 1264 1141 1329 quac
1163 1245 1259 1329 paulo
1287 1249 1361 1310 ante
1384 1251 1461 1310 sunt

337 1360 490 1443 exposita
513 1358 661 1423 Primum
683 1359 769 1422 onim
794 1357 928 1442 scriptor
950 1357 1120 1422 affirmavit
1145 1359 1301 1444 (12-16)
1327 1358 1461 1424 Oritiam

338 1476 370 1536 et
399 1470 599 1536 Alcibiadem
631 1476 696 1535 tam
727 1471 784 1535 diu
815 1489 850 1536 sc
881 1469 1019 1535 Socratis
1042 1471 1229 1556 disciplinae
1252 1474 1459 1556 commisisse,

338 1585 446 1650 donee*
480 1589 630 1669 putarent
668 1603 703 1649 se
736 1581 878 1663 κρείττους
912 1576 982 1647 οἶνον
1016 1585 1072 1646 τῶν
1105 1582 1354 1662 συγγιγνομένων,
1389 1591 1460 1651 tum

338 1699 468 1764 demum
498 1697 538 1762 ab
566 1717 604 1763 eo
635 1697 768 1778 abiisse;
800 1696 914 1762 deinde
940 1697 1083 1779 (le-23
1107 1702 1139 1762 et
1161 1699 1304 1782 24-28)
1326 1718 1382 1764 eos
1405 1718 1463 1784 per

338 1811 420 1876 illud
450 1815 576 1895 tempus
604 1810 726 1877 sobrios
750 1812 1013 1895 continentesque
1035 1809 1145 1894 fuisse,
1168 1814 1199 1876 et
1221 1810 1350 1878 Socrate
1374 1815 1460 1878 socio

338 1944 416 1991 usos
445 1927 553 2009 pravis
584 1922 812 2009 cupiditatibus
831 1923 987 2008 imperare
1010 1925 1153 2007 potuisse
1178 1925 1209 2006 (ξ
1235 1926 1296 2006 24).
1321 1925 1460 1992 Necesse

339 2043 389 2103 cst
420 2057 494 2122 orgo
525 2057 630 2122 neque
659 2037 740 2102 illud
770 2038 921 2122 temporis
954 2038 1092 2121 spatium
1116 2039 1212 2102 nimis
1235 2037 1331 2104 breve
1352 2040 1462 2124 fuisse,

341 2159 373 2217 et
391 2153 567 2236 discipulos
585 2154 673 2237 ipsos
689 2156 818 2216 strenue
831 2150 969 2216 Socratis
981 2151 1175 2215 institutioni
1187 2171 1313 2236 operam
1327 2153 1461 2219 dedisse.

338 2265 441 2331 Multo
465 2285 540 2330 roro
563 2266 704 2329 maxime
726 2265 786 2328 hoc
810 2269 949 2348 apparet,
972 2264 1057 2328 haud
1079 2264 1184 2328 larem
1206 2265 1242 2328 in
1260 2265 1332 2330 illos
1352 2265 1463 2331 Socra·

338 2384 402 2444 tem
433 2382 620 2462 potestatem
651 2377 810 2460 habuisse,
840 2378 897 2462 qui
928 2395 1039 2441 eornm
1069 2396 1173 2441 mores
1196 2383 1321 2462 regeret
1343 2397 1463 2464 cosque

338 2495 373 2557 in
396 2492 499 2557 officio
524 2494 708 2557 contineret.
732 2490 817 2566 Quid
836 2510 911 2555 vero
930 2511 947 2556 e
966 2494 1149 2556 narratione
1170 2492 1209 2557 de
1221 2492 1342 2558 Pericle
1354 2498 1461 2560 tutorc

339 2611 370 2670 et
399 2605 566 2669 Alcibiade
587 2604 709 2689 pupillo
733 2609 870 2689 apparet,
894 2605 946 2668 vel
969 2605 1076 2689 potius
1101 2605 1179 2689 quid
1203 2625 1353 2689 apparere
1376 2607 1461 2671 affir-

339 2723 405 2783 mat
423 2718 653 2803 interpolator?
673 2717 800 2782 Scilicet
818 2716 947 2781 Critiam
962 2716 1229 2802 Alcibiademquc
1244 2720 1301 2782 vix
1313 2739 1458 2804 unquam

338 2831 475 2898 Socratis
510 2833 682 2897 familiares
715 2832 823 2896 fuisse.
858 2830 986 2895 Etenim
1023 2829 1194 2913 „Socrates
1223 2834 1263 2897 iis
1294 2853 1362 2898 non
1392 2835 1460 2919 pla-

338 2945 449 3012 cebat’'
475 2946 506 3029 (ᾗ
532 2948 574 3010 39
598 2951 629 3011 et
652 2946 704 3009 47.
726 2944 793 3008 Iam
818 2946 891 3028 quis
914 2945 975 3008 hoc
994 2945 1033 3009 de
1051 2944 1218 3011 Alcibiade
1230 2947 1344 3030 credat,
1357 2967 1460 3032 quum

338 3059 399 3124 sibi
429 3061 463 3124 in
495 3061 679 3124 memoriam
708 3062 836 3123 revocet
864 3059 1115 3142 pulcherrimum
1147 3060 1351 3125 ePlatonico
1377 3060 1460 3126 Con-

338 3173 424 3237 vivio
443 3174 550 3237 locum
571 3173 628 3236 ubi
648 3174 782 3236 summis
794 3171 946 3237 laudibus
957 3172 1119 3238 Socratem
1132 3173 1221 3239 effert
1233 3175 1414 3240 Alcibiades
1423 3177 1460 3257 Ρ).

341 3285 518 3369 „Raroque
550 3285 589 3349 ad
616 3304 692 3351 oum
714 3284 923 3366 veniebant'';
945 3287 1006 3350 hoc
1029 3288 1124 3366 enim,
1148 3293 1185 3352 ut
1206 3291 1327 3373 opinor,
1352 3290 1460 3355 verbis

338 3396 365 3464 ri
384 3422 417 3462 τε
439 3396 611 3479 aporiatum
633 3399 663 3481 (ᾗ
687 3400 741 3480 47)
763 3402 855 3464 inest.
878 3397 964 3484 Ergo
985 3400 1180 3485 colloquium
1200 3403 1284 3467 inter
1302 3402 1458 3469 Periclem

339 3517 371 3576 et
403 3511 603 3576 Alcibiadem
637 3532 656 3575 a
686 3511 899 3597 Xenophonte
930 3513 1060 3597 quidem
1091 3515 1244 3598 scripturn
1270 3516 1326 3580 sed
1348 3516 1458 3601 inepto

338 3625 408 3690 loco
439 3625 478 3689 ab
509 3625 733 3709 interpolatore
759 3627 908 3709 positum,
931 3631 963 3691 ct
985 3647 1098 3711 parum
1121 3630 1222 3713 perito
1243 3631 1459 3714 praecedenti-

338 3739 399 3805 bus
423 3739 696 3824 sequentibusque
719 3739 954 3824 agglutinatum
977 3759 1047 3805 esse
1071 3743 1191 3825 opinor.

383 3854 535 3938 Sequitur
568 3874 656 3919 nunc
689 3852 795 3918 brevis
829 3873 902 3938 pars
936 3854 967 3936 (ᾗ
990 3855 1133 3936 49-55)
1165 3858 1284 3940 optimo
1308 3859 1460 3942 scriptore

339 3966 543 4051 dignissima:
569 3988 651 4052 quae
674 3969 760 4033 enim
784 3968 1043 4032 demonstrantur
1066 3988 1141 4033 cum
1163 3971 1364 4054 praecedenti
1383 3991 1459 4036 con-

337 4086 386 4144 tra
414 4080 462 4145 τὸν
484 4081 641 4161 κατήγορον
665 4082 880 4164 disputatione
904 4080 984 4145 bene
1007 4083 1185 4166 cohaerent
1209 4086 1308 4149 oratio
1332 4086 1458 4170 elegan-

336 4195 459 4258 tissima
489 4200 521 4258 et
551 4196 723 4278 purissima
753 4200 809 4259 est.
840 4194 982 4259 Maxime
1013 4214 1091 4259 vero
1115 4197 1241 4279 placent
1264 4217 1347 4283 quae
1371 4199 1389 4281 ᾗ
1414 4200 1455 4262 52

336 4308 504 4392 leguntur:
536 4307 730 4371 dvcrrldovrc
759 4299 805 4371 οὖν
832 4303 910 4392 (ἔφη
935 4305 949 4370 i
971 4306 1151 4393 κατήγορος)
1178 4309 1244 4382 τοὺς
1268 4310 1344 4381 νέους
1367 4313 1459 4377 αὐτὸν
