3352 5260
353 777 473 855 rentur,
507 771 682 836 dummodo
716 771 751 834 in
785 771 959 835 licitatione
988 768 1099 846 ἀγαθός
1132 792 1176 841 τις
1200 769 1310 842 evome
1334 768 1477 848 adesset3

357 886 414 950 sed
435 889 466 950 et
487 885 540 948 hic
562 886 620 947 vix
643 888 739 967 atque
762 881 944 948 dubitanter
962 887 1088 946 tantum
1109 881 1226 947 daret'‘.
1246 880 1349 946 Multo
1362 882 1478 946 melius

357 1018 445 1063 nunc
476 1003 654 1083 opponetur
676 997 764 1081 quod
787 997 827 1062 de
851 997 1007 1061 critobuli
1031 997 1145 1081 opibus
1167 997 1290 1062 iudicat
1313 996 1475 1061 Socrates:

357 1110 398 1176 τά
420 1110 519 1189 μέντοι
539 1110 581 1175 σά
603 1109 730 1191 ἀκριβοῦς
754 1105 818 1174 olba
840 1108 882 1174 ὅτι
905 1109 992 1174 πλέον
1016 1108 1032 1183 ἢ
1057 1107 1288 1187 ἐκατομπλάσια
1311 1108 1421 1183 τούτου,
1445 1111 1479 1172 in

358 1223 477 1302 ouibus
500 1223 597 1288 verba
614 1222 741 1303 ἀκριβῶς
759 1217 823 1287 οἶδα
842 1223 1040 1307 significant:
1061 1221 1174 1288 multos
1193 1222 1335 1288 lubenter
1353 1227 1478 1288 tantum

358 1358 416 1423 pro
438 1339 478 1403 iis
502 1338 632 1403 daturos
656 1357 734 1403 esse.

404 1451 446 1534 Π,
471 1452 498 1515 7.
522 1451 571 1532 ὁρῶ
593 1474 713 1515 σε....
739 1450 883 1524 παιδικοῖς
906 1451 937 1515 δὲ
961 1449 1120 1532 πράμμασι
1143 1449 1323 1532 προκέκριται
1345 1451 1394 1516 τὸν
1406 1453 1479 1514 νοῦν.

361 1563 446 1640 Quid
480 1567 521 1630 sit
555 1562 678 1628 ταιδικά
712 1561 883 1644 πράρματα
914 1566 1031 1648 nescio,
1055 1567 1265 1650 suspicorque
1287 1564 1479 1630 vocabulum

361 1674 520 1757 πράγμασι
550 1677 721 1743 delendum
754 1697 839 1743 esse:
863 1679 1015 1742 novimus
1038 1680 1122 1743 enim
1147 1677 1348 1743 Critobulum
1371 1696 1480 1741 corum

360 1791 470 1873 fuisse,
495 1791 551 1873 qui
573 1790 718 1861 παιδικοῖς
741 1791 789 1854 τὸν
813 1793 876 1854 νοῦν
899 1789 1080 1870 πρυςέχονσι.

406 1902 448 1985 II,
479 1904 509 1965 8.
540 1901 564 1966 οἱ
594 1900 626 1967 δὲ
649 1900 694 1967 σοὶ
719 1901 800 1983 Φίλα
823 1901 899 1966 πολὺ
920 1903 1065 1983 ἀρκοῦντα
1088 1909 1140 1968 σοῦ
1162 1905 1280 1981 μάλλον
1302 1900 1422 1983 ἔχοντες
1444 1909 1481 1983 τῇ

363 2015 472 2078 ἑαυτῶν
498 2023 669 2096 παρασκευῇ
694 2012 710 2088 ἢ
735 2016 772 2079 οῦ
794 2024 831 2097 τῇ
855 2025 904 2097 τῇ.
929 2017 1159 2083 Grammaticae
1184 2037 1345 2102 sanaeque
1367 2018 1482 2082 rationi

363 2135 521 2214 repugnat
561 2149 737 2214 pronomen
771 2133 823 2194 τοῦ
859 2131 946 2215 quod
980 2137 1053 2196 ante
1087 2134 1204 2208 μοῖιιλον
1238 2134 1379 2216 positum
1414 2137 1480 2196 est:

364 2244 438 2327 quis
479 2244 564 2307 enim
606 2263 750 2328 unquam
786 2245 833 2308 sic
868 2243 995 2308 locutus
1030 2249 1094 2309 est:
1130 2247 1182 2308 τοῦ
1216 2246 1335 2321 μᾶλλον
1368 2241 1385 2317 ἢ
1421 2242 1481 2310 ad?

364 2354 567 2420 Eiiciendum
600 2375 675 2442 ergo
706 2355 792 2420 istud
822 2359 875 2419 σοῦ
906 2361 962 2421 est
996 2353 1143 2421 Ceterum
1174 2376 1249 2422 cum
1278 2357 1485 2422 collocatione

364 2467 534 2533 verborum
566 2466 641 2532 πολὺ
671 2468 817 2548 ἀρκοῦντα
847 2473 963 2545 μᾶλλον
994 2469 1031 2532 cf.
1056 2469 1075 2551 ξ
1102 2469 1159 2533 16:
1183 2467 1259 2532 πολὺ
1281 2466 1390 2536 ἀλλους
1412 2469 1486 2547 ἐμοῦ

365 2578 540 2660 δεινοτέρους.

409 2693 452 2776 Π,
475 2695 504 2757 3.
534 2692 677 2778 Rogatus
699 2714 718 2758 a
741 2692 905 2758 Critobulo
930 2695 1008 2778 quid
1032 2695 1143 2779 obstet
1166 2698 1341 2780 quominus
1365 2701 1396 2762 et
1418 2698 1488 2780 ipse

365 2808 567 2872 oeconomiae
591 2807 632 2870 sit
650 2809 782 2891 peritus
801 2806 946 2872 Socrates
966 2810 1152 2892 respondet:
1172 2810 1257 2874 idem
1277 2810 1364 2894 quod
1376 2810 1490 2893 effecit,

367 2925 404 2986 ut
437 2940 604 3004 nunquam
635 2919 722 2984 tibiis
753 2938 867 2985 canere
899 2921 1081 2985 didicerim:
1106 2942 1273 3007 nunquam
1296 2925 1382 2988 enim
1406 2924 1489 2987 mihi

367 3034 463 3098 tibiae
492 3033 633 3114 fuerunt,
665 3051 770 3116 neque
800 3053 945 3116 unquam
979 3036 1152 3118 quisquam
1185 3055 1261 3101 suas
1292 3037 1371 3100 mihi
1393 3036 1489 3100 tibias

368 3147 591 3211 commodavit.
614 3145 734 3210 Eadem
759 3150 807 3210 est
830 3165 928 3211 causa
950 3167 1009 3211 cur
1028 3150 1230 3215 oeconomiae
1249 3151 1491 3234 qucqueimpe·

368 3263 450 3325 ritus
484 3262 562 3324 sim:
597 3256 663 3322 οὔτε
696 3257 754 3339 yar
784 3260 873 3331 αὐτὸς
903 3257 1013 3340 ὄργανα
1042 3260 1191 3341 χρήματα
1222 3261 1386 3340 ἐκεκτήμην
1416 3259 1491 3326 ὥστε

370 3369 524 3451 μανθάνειν
554 3371 615 3436 κτέ.
650 3371 730 3447 Quis
760 3392 825 3436 non
854 3374 939 3438 videt
962 3374 1157 3439 vocabulum
1179 3375 1327 3456 χρήματα
1351 3397 1369 3441 a
1392 3378 1490 3442 sciolo

371 3505 441 3552 esse
462 3487 628 3567 insertum,
653 3490 689 3550 ut
711 3482 820 3565 θργανα
842 3488 1130 3571 interpretaretur?

414 3601 457 3683 Π,
478 3601 527 3663 14.
547 3597 697 3679 προθύμως
715 3623 752 3677 γε
772 3597 954 3680 ἀποφεύγειν
973 3622 1023 3677 μοι
1035 3605 1118 3683 πειρᾷ
1130 3600 1222 3679 μηδέν
1235 3626 1275 3680 με
1285 3608 1491 3685 σννοιφελνῖσαι

371 3713 431 3777 κτέ.
468 3712 650 3777 Verborum
685 3735 734 3789 μοι
764 3717 848 3794 πειρρῖ
880 3713 1069 3778 alterutrum
1101 3721 1288 3800 corruptum
1318 3736 1388 3782 esse
1411 3718 1492 3781 mihi

372 3831 512 3891 constat:
537 3825 734 3910 probabilem
757 3831 864 3890 tamen
885 3827 1138 3892 emendationem
1163 3829 1286 3892 nullam
1305 3831 1437 3913 repperi.

416 3939 458 4022 II,
484 3940 536 4002 15.
559 3937 583 4002 εἰ
604 3936 654 4002 ἐπὶ
677 3941 734 4018 πῦρ
756 3936 887 4010 ἐλθόντος
910 3962 961 4003 σου
984 3936 1036 4002 καὶ
1057 3938 1101 4017 plo
1122 3937 1201 4013 θντος
1220 3941 1289 4022 παρ’
1309 3941 1494 4019 ἐμυῖάλλθσε

374 4050 535 4131 ἡγνσάμνν
557 4049 656 4116 ὁπόθεν
678 4075 720 4117 σοι
743 4048 785 4126 εἴν
810 4051 918 4130 λαβεῖν
941 4053 991 4116 οῦκ
1013 4050 1050 4117 ἀν
1070 4051 1210 4135 ἐμέμφου
1233 4078 1293 4132 μοι.
1315 4055 1403 4120 Huic
1415 4076 1493 4141 quo·

375 4187 438 4252 que
460 4168 530 4231 loco
553 4168 668 4232 vitium
690 4167 771 4231 illud
791 4167 959 4232 obtrusum
979 4172 1036 4250 est,
1056 4168 1095 4231 de
1115 4170 1255 4252 quoiam
1268 4189 1361 4254 saepe
1373 4172 1493 4234 monui.

374 4281 448 4346 Non
472 4282 557 4345 enim
577 4282 663 4364 passi
682 4285 759 4344 sunt
776 4280 898 4344 librarii
917 4282 1121 4365 participium
1141 4301 1159 4345 a
1170 4283 1335 4367 participio
1347 4284 1493 4368 pandera,
