3352 5260
735 623 796 684 195

212 812 352 874 maxime
374 806 604 888 ἀπροοδοκή-τοο,
630 826 704 871 eum
725 825 812 870 nunc
832 806 925 870 docet
944 805 1089 870 Socrates
1108 805 1180 870 ilios
1192 807 1338 869 homines

212 923 275 987 οὐδὲ
298 923 338 995 εἰς
361 921 402 986 roi
424 923 581 999 ἀναγκαῖα
605 917 684 999 ἔχειν
709 919 848 983 δαπανᾶν
862 919 896 1004 ¹).

256 1036 315 1118 111,
341 1037 368 1100 9.
391 1033 608 1120 Reprehendit
628 1032 830 1098 critobulum
849 1032 1004 1115 Socrates,
1025 1033 1111 1117 quod
1133 1051 1339 1116 operamnon

214 1150 276 1232 det,
306 1156 343 1213 ut
375 1149 475 1213 discat
505 1167 569 1232 quo
600 1147 695 1212 modo
726 1148 802 1230 equi
833 1146 991 1210 educandi
1014 1148 1087 1228 sint,
1110 1143 1209 1218 ἄλλος
1232 1142 1339 1209 τεκαὶ

212 1265 269 1325 πῶν
300 1261 397 1326 αὐτῶν
436 1260 498 1348 (sc.
533 1257 649 1345 ἳππων)
687 1256 773 1322 ὄντων
803 1259 923 1336 ἀμαθῶν
954 1255 995 1330 εἵς
1026 1281 1058 1322 τε
1087 1256 1141 1331 πῖον
1163 1263 1267 1338 χρῆσιν
1290 1253 1340 1321 καὶ

213 1373 372 1455 κερδαλέων
390 1374 435 1447 ,εἰς
459 1373 589 1447 πώλησον
613 1370 708 1436 ὄντων.
734 1371 814 1448 Quis
837 1393 981 1457 uuquam
1006 1375 1052 1439 sic
1072 1372 1191 1437 Graeco
1210 1373 1340 1438 locutus

214 1489 286 1552 ost?
318 1487 517 1564 Quantocius
541 1486 688 1552 emenda:
712 1485 812 1559 ἄλλος
835 1484 942 1550 τεκαὶ
966 1490 1022 1550 πῶν
1045 1487 1141 1550 αὐτῶν
1165 1487 1285 1564 ἀγαθῶν
1308 1510 1340 1550 πε

214 1600 254 1673 εἰς
283 1587 336 1672 τὴν
365 1606 471 1681 χρῆσιν
501 1597 553 1664 καὶ
585 1597 744 1680 κερδαλέον
774 1599 814 1671 εἰς
827 1599 966 1678 ,πώλησον
989 1597 1086 1670 ὄντων,
1111 1601 1213 1665 deleto
1235 1603 1341 1685 priore

214 1710 300 1778 ὄντων
330 1720 362 1779 et
391 1714 584 1798 transposita
609 1711 766 1797 particula
788 1736 830 1796 τε,
855 1732 937 1797 quae
960 1694 1048 1778 nunc
1071 1715 1339 1798 praepositionem

215 1826 254 1898 εἰς
278 1829 433 1911 sequitur.

260 1940 319 2024 ΙΙΙ,
344 1941 394 2003 12.
418 1937 536 2011 ποὶνπονς
556 1936 597 2012 δὲ,
618 1932 638 2000 ὦ
660 1935 842 2018 Κριτόβουλε,
862 1937 943 2019 φίλοι
962 1935 1020 2018 pap
1039 1939 1129 2016 ἔσμεν
1149 1938 1173 2002 οἱ
1192 1936 1342 2019 παρόντες,

214 2054 421 2127 οὶπαλνθεῦοαι
440 2053 508 2134 πρὸς
528 2053 620 2130 ἡμᾶς.
642 2050 728 2128 Quin
743 2051 925 2117 infinitivus
936 2052 1143 2125 οὶπαλνθεῦοαι
1155 2055 1233 2117 vitio
1246 2059 1342 2118 natus

215 2171 265 2252 sit,
307 2188 401 2234 nemo
436 2168 568 2232 dubitat
604 2167 678 2231 Non
713 2173 820 2232 tamen
853 2169 956 2252 placet
991 2168 1125 2253 Sauppii
1158 2171 1342 2234 coniectura

213 2283 350 2366 legentis
380 2279 498 2353 παντως
530 2281 583 2354 δεῖ,
608 2301 683 2345 nam
707 2282 862 2365 particula
885 2279 917 2344 δέ
940 2301 1046 2346 carere
1068 2301 1134 2347 non
1156 2302 1340 2366 possumus.

217 2394 337 2471 Quidni
358 2393 563 2468 οὶπαλήθενοον
587 2395 789 2460 scribamus?

259 2510 318 2593 HI,
350 2510 400 2573 16.
431 2502 513 2587 οἶμαι
542 2507 573 2573 δέ
603 2531 645 2572 σοι
677 2507 728 2573 καὶ
759 2512 816 2573 τῶν
847 2508 946 2573 ἄλλον
971 2509 1140 2587 ἐπιστημῶν
1163 2509 1230 2582 ποὺς
1252 2506 1341 2584 aiilon

214 2621 303 2700 λόγου
333 2619 461 2695 ἕκαστον
492 2619 703 2702 ἐργαζομένους
734 2619 814 2701 ἔχειν
844 2619 881 2685 ἂν
908 2618 1054 2696 ἐπιδεῖξαί
1075 2644 1127 2686 σοι.
1152 2623 1260 2688 Verbo
1287 2624 1342 2688 ad·

216 2739 389 2820 monuisse,
413 2743 451 2801 ut
470 2738 591 2820 opinor,
611 2738 689 2801 satis
708 2741 756 2802 est
775 2736 911 2801 alterurn
931 2758 974 2799 σοι
994 2737 1091 2820 (quod
1110 2741 1183 2820 post
1201 2733 1342 2811 ἐπιδεῖξαι

214 2851 343 2935 legitur)
366 2850 583 2914 abiiciendum
609 2869 689 2916 esse.

262 2962 365 3048 Caput
386 2962 443 3045 IV,
469 2964 496 3026 1.
534 2962 631 3045 „Non
656 2961 782 3047 cupio'',
807 2961 994 3027 Critobulus
1018 2964 1070 3046 ait,
1097 2968 1155 3044 „to
1178 2963 1217 3026 de
1241 2965 1342 3027 omni·

216 3077 278 3141 bus
309 3076 433 3141 artibus
461 3077 572 3140 audire
602 3077 837 3160 disputantem:
871 3074 954 3139 ἄλλα
984 3071 1015 3138 αἳ
1045 3075 1158 3139 δοκοῦσι
1180 3073 1341 3140 κοέλλιοπαι

214 3193 271 3253 τῶν
305 3190 474 3266 ἐπιστημῶν
508 3187 559 3254 καὶ
593 3188 660 3268 ἐμοὶ
694 3189 794 3270 πρέποι
829 3189 865 3253 tv
896 3187 1033 3267 μοὶλιοπα
1056 3189 1257 3271 ἐπιμελομένῳ
1279 3190 1340 3254 κτὲ.

217 3305 353 3368 Gravem
383 3309 493 3368 contra
523 3306 724 3369 notissimam
752 3305 899 3386 syntaxis
925 3304 1063 3370 Graecae
1087 3324 1231 3370 normam
1257 3325 1342 3371 erro-

216 3437 283 3484 rem
307 3419 466 3483 commisit
489 3438 637 3482 summus
656 3418 710 3483 ille
728 3417 937 3483 Heindorfius
957 3419 1165 3502 conficiendo,
1186 3425 1258 3503 post
1278 3417 1345 3496 ἐμοί

216 3531 424 3595 inserendum
447 3550 518 3597 esse
540 3525 585 3594 ὧν.
609 3531 643 3596 Si
666 3532 837 3596 clarissimi
860 3532 1004 3596 doctrina
1027 3533 1089 3596 viri
1110 3533 1155 3596 ita
1177 3533 1340 3596 interdum

215 3645 381 3727 falluntur,
411 3646 490 3729 quid
516 3646 595 3709 mihi
619 3647 742 3728 ignosci
766 3665 832 3709 non
854 3647 994 3729 poterit?
1017 3645 1229 3711 inserendum
1252 3647 1339 3710 enim

216 3764 265 3824 est
287 3777 463 3843 pronomen
486 3758 583 3822 αὐτῶν
606 3764 679 3843 post
702 3757 914 3838 ἐπιμελομένῳ.

261 3871 318 3954 IV,
350 3873 379 3935 3.
402 3870 435 3934 αἱ
457 3869 563 3949 τέχναι
586 3869 618 3934 αἱ
640 3869 823 3948 βαναυσικαί
845 3877 876 3936 et
897 3872 958 3936 hoc
980 3872 1108 3954 habent,
1132 3872 1218 3956 quod
1241 3870 1338 3950 οὶοχο-

249 4156 277 4222 1)
303 4155 341 4207 Cf.
368 4155 442 4206 Dem.
464 4153 504 4206 Ol.
528 4155 573 4221 111,
596 4170 622 4220 p.
644 4153 678 4205 33
701 4160 780 4207 extu:
805 4155 873 4204 ἄλλοι
891 4154 1004 4220 θαυμάζον
1022 4153 1047 4203 lt
1060 4153 1094 4217 πῷ
1113 4173 1172 4204 ποτε
1189 4151 1341 4214 ἀνθρώπανὶί

218 4247 319 4310 γέγονεν
344 4247 360 4306 ii
386 4245 525 4309 protiverat,
551 4247 579 4297 tv
604 4250 637 4298 ria
663 4247 769 4310 παρόνπα
796 4245 909 4309 ἀναλώσῃ
935 4247 990 4306 πρὸς
1012 4245 1030 4296 ii
1051 4249 1086 4309 μὴ
1108 4242 1151 4305 δεῖ,
1169 4251 1216 4296 τῶν
1234 4245 1342 4296 ἁπάντων

217 4338 344 4401 εὐπορῆσαι
363 4341 418 4402 πρὸς
434 4338 452 4390 a
471 4337 515 4391 δεῖ.
