3348 5262
728 646 791 707 257

201 834 291 914 gesto
322 832 366 894 ita
397 835 513 912 narrat,
545 834 581 893 ut
604 831 682 893 satis
705 832 855 912 appareat
879 847 920 892 ne
942 829 1004 911 ipsi
1029 829 1176 913 scriptori
1200 831 1330 913 quidem

202 944 309 1006 visum
344 962 415 1007 esse
445 943 632 1027 Agesilaum
655 944 758 1006 iustas
781 962 800 1005 a
824 941 975 1006 Phliasiis
999 961 1119 1025 poenas
1144 945 1329 1026 sumpsisse,

200 1057 349 1120 laudator
372 1061 480 1120 autem
504 1056 722 1120 defensionem
747 1056 909 1139 quandam
929 1056 1074 1139 Agesilai
1087 1056 1217 1139 addidit,
1229 1057 1329 1120 nolim

200 1162 242 1234 ex
277 1189 314 1234 ea
348 1188 391 1250 re,
424 1169 531 1250 lector,
567 1168 694 1250 efficias,
730 1169 904 1252 sophistam
935 1172 1082 1232 nostrum
1111 1188 1171 1232 suo
1203 1171 1331 1233 stetisse

200 1283 329 1346 iudicio.
364 1281 531 1345 Eiusmodi
568 1283 652 1345 enim
684 1281 740 1344 illa
768 1280 910 1345 defensio
935 1285 992 1364 est,
1016 1285 1051 1344 ut
1073 1281 1125 1344 vel
1151 1283 1329 1365 unicuique

201 1414 300 1478 puero
334 1394 426 1459 facile
460 1396 494 1457 in
530 1399 669 1458 mentem
706 1396 826 1476 venire,
862 1395 914 1458 vel
939 1414 980 1458 ex
1002 1396 1072 1478 ipsa
1094 1396 1128 1458 in
1151 1393 1329 1459 Hellenicis

201 1510 384 1572 narratione
417 1510 483 1592 peti
517 1510 626 1593 possit.
663 1507 748 1584 Quid
779 1510 865 1572 enim
890 1509 1038 1572 laudator
1060 1509 1100 1572 de
1123 1528 1182 1572 suo
1207 1508 1329 1573 scilicet

202 1621 313 1685 addit?
345 1619 368 1683 εί
391 1619 422 1684 δέ
445 1644 489 1693 τις
512 1617 591 1700 ίιλλη
615 1643 656 1700 πη
681 1624 781 1684 ταῦτα
805 1619 976 1702 μέμφεται,
1000 1621 1073 1684 ἀλλ’
1093 1615 1139 1684 οὖν
1159 1619 1328 1703 Φιλεταιρίρι

200 1759 237 1812 γε
259 1732 434 1814 πραχθέντα
456 1732 572 1815 Φανεροί
594 1734 664 1798 έστι.

245 1849 338 1914 Alios
366 1868 496 1933 quoque
518 1848 744 1932 Xenophontis
767 1848 866 1913 libros
889 1851 924 1912 in
948 1869 1043 1913 suum
1069 1869 1166 1913 usum
1190 1851 1328 1914 encomii

202 1964 339 2046 scriptor
371 1963 536 2025 convertit.
571 1961 598 2024 E
628 1961 711 2025 libro
740 1962 779 2026 de
805 1961 1035 2046 Spartanorum
1059 1962 1222 2046 republica
1246 1964 1328 2029 duos

202 2095 272 2141 esse
296 2076 482 2159 desumptus
506 2076 592 2139 locos
616 2077 718 2140 video.
744 2075 887 2152 Quorum
909 2077 988 2141 alter
1008 2082 1056 2140 est
1075 2078 1114 2141 de
1125 2079 1231 2161 regiae
1243 2079 1328 2161 apud

201 2190 371 2275 Spartanos
405 2193 569 2275 potestatis
605 2192 791 2254 constantia.
824 2189 960 2274 Legitur
990 2192 1133 2254 enimin
1155 2190 1326 2274 Agesilao:

200 2303 279 2378 θιλλη
311 2304 366 2382 μέν
389 2303 513 2382 οὐδεμία
535 2301 616 2383 οίρχη
639 2300 755 2384 Φανεροί
776 2303 838 2366 έσσι
861 2301 1095 2380 διαγεγενημένη
1120 2302 1327 2377 οὶδιοίσπασσος

201 2417 266 2483 οὔτε
288 2417 473 2499 δημοκρατία
496 2415 560 2481 οὔτε
583 2416 744 2497 ὀλιγαρχία
767 2415 832 2480 οὔτε
849 2414 982 2496 τυραννίς
1002 2414 1067 2480 οὔτε
1086 2415 1236 2493 βασιλεία·
1249 2414 1326 2490 αίίτη

201 2533 232 2596 δέ
255 2531 328 2610 μόνη
352 2531 481 2610 διαμένει
501 2530 629 2610 σννεχης
650 2529 800 2607 βασιλεία.
821 2530 860 2594 In
878 2529 1055 2615 Republica
1075 2531 1324 2615 Spartanorum:

201 2643 273 2721 μθνη
305 2645 362 2725 γαρ
394 2643 429 2717 δη
460 2641 536 2717 αὕτη
567 2642 648 2724 οίρχη
679 2643 812 2707 διατελεῖ
840 2639 938 2723 οἵαπερ
966 2639 1000 2716 ἐξ
1021 2643 1119 2723 ἀρχῆς
1144 2642 1324 2717 κατεστοίθη·

200 2755 256 2829 τας
278 2757 310 2821 δέ
333 2755 432 2828 ι’ίλλας
455 2755 604 2828 πολιτείας
626 2753 695 2836 είίροι
719 2755 755 2818 ι’ίν
778 2779 823 2828 τις
846 2755 1120 2834 μετακεκινημένας
1144 2755 1193 2821 καί
1214 2754 1256 2820 ἔτι
1277 2761 1326 2820 νῦν

200 2868 462 2948 μετακινουμένας.
483 2870 640 2934 'Videsne
671 2871 830 2934 rhetorem
859 2871 949 2934 inani
978 2869 1149 2934 verborum
1182 2869 1327 2935 ubertate

201 2990 367 3049 ornantem
388 2985 507 3049 scilicet
531 2982 615 3068 (οὔτε
634 2982 824 3064 δημοκρατία,
846 2981 910 3047 οὔτε
930 2982 1091 3064 ὀλιγαρχία
1111 2981 1175 3047 οθτε
1195 2981 1326 3063 τυραννίς

199 3097 265 3162 οὔτε
287 3097 448 3184 βασιλεία)
472 3099 558 3183 quod
578 3099 655 3163 alibi
674 3099 811 3183 eleganti
830 3098 983 3162 brevitate
996 3099 1117 3162 dictum
1133 3098 1326 3162 invenerat?

197 3212 314 3296 ¹Neque
345 3212 533 3294 observavit,
556 3218 592 3276 ut
616 3215 736 3296 opinor,
759 3232 839 3295 puer
861 3232 977 3296 parum
1000 3213 1201 3290 exercitatus,
1226 3232 1326 3296 quam

199 3327 325 3411 ingrata
348 3331 431 3391 esset
453 3325 603 3390 vocabuli
626 3323 768 3401 βασιλεία
794 3327 949 3410 repetitio.

245 3440 395 3507 Alterum
428 3458 505 3503 vero
540 3439 646 3503 locum
681 3458 723 3503 ex
758 3440 869 3503 eodem
903 3439 1011 3504 llbello
1046 3441 1188 3524 sophista
1210 3445 1328 3523 noster,

202 3553 309 3617 omnia
343 3554 377 3616 in
409 3555 513 3617 maius
537 3553 676 3636 augendi
700 3553 847 3636 cupidus,
870 3555 917 3617 sic
940 3555 1121 3635 exornavit,
1147 3558 1184 3618 ut
1206 3553 1328 3637 aliquid

201 3667 357 3750 evaderet,
381 3687 444 3750 quo
468 3666 555 3730 haud
576 3666 669 3730 facile
692 3666 870 3750 quidquam
892 3668 1038 3731 invenias
1058 3667 1145 3750 quod
1165 3667 1273 3750 magis
1286 3668 1327 3730 sil

201 3781 383 3845 ridiculum.
418 3780 507 3845 Haec
542 3782 628 3844 enim
663 3780 730 3844 veri
763 3779 990 3863 Xenophontis
1021 3779 1117 3844 verba
1150 3785 1243 3843 sunt:
1276 3776 1328 3842 καί

201 3892 324 3976 διμοιρία
343 3917 380 3971 γε
401 3892 434 3977 (ὃ
454 3893 641 3978 Λυκοῦργος)
663 3892 713 3955 έπί
722 3893 762 3972 τῷ
775 3891 877 3973 δείπνῳ
893 3889 979 3978 (τοὺς
990 3890 1158 3977 βασιλέας)
1175 3891 1325 3970 έτίμησεν,

202 4006 262 4086 οὐχ
291 4005 337 4070 ἵνα
361 4004 504 4070 διπλοίσια
527 4005 744 4086 ααταφοίγοιεν,
767 4005 839 4069 ἀλλ’
864 4001 910 4068 ίνα
932 4003 984 4069 καί
1009 4006 1068 4068 οἰπὸ
1091 4004 1176 4069 τοῦδε
1198 4010 1326 4082 τιμῆσαι

201 4117 295 4199 ἔχοιεν
328 4116 356 4182 εί
384 4142 450 4182 τινα
473 4117 630 4196 βούλοιντο.
655 4118 781 4195 Quibus
804 4120 849 4182 ita
872 4119 912 4182 ad
936 4119 1150 4184 extollendam
1175 4118 1326 4203 Agesilai

202 4236 442 4319 temperantiam
466 4237 569 4298 utitur
591 4234 736 4298 laudator
760 4238 796 4298 ut
820 4233 919 4298 dicat:
945 4232 1083 4313 διμοιρίαν
1102 4257 1139 4310 γε
1158 4231 1218 4308 μην
1240 4246 1325 4309 λαμ·

201 4347 299 4427 βοίναν
317 4349 347 4412 έν
366 4354 436 4420 ταῖς
455 4346 555 4419 θοίναις
574 4348 634 4426 οὐχ
646 4345 721 4419 ὅπως
733 4344 920 4428 οίμΦοτέραις
932 4346 1038 4426 ἐχρῆτο
1051 4345 1135 4409 ιίλλοὶ
1147 4344 1325 4423 διαπέμπων

1197 4455 1229 4507 ll
