3354 5268
901 612 919 671 6

341 797 435 861 nobis
458 801 618 860 constaret
640 797 815 880 legitimam
836 795 1040 880 Imperatoris
1065 800 1199 860 aetatem
1219 797 1350 880 triginta
1370 815 1469 861 anno·

340 929 414 975 rum
439 907 565 973 fuisse?
588 907 702 992 Neque
726 909 785 972 hoe
809 909 969 990 novimus
993 913 1024 973 et
1047 908 1222 973 absurdum
1248 914 1304 991 est,
1328 908 1469 992 aliquem

305 1051 307 1056 ·
344 1023 378 1085 in
415 1021 520 1086 media
549 1021 704 1104 barbarie,
728 1022 784 1087 ubi
817 1021 877 1085 hoo
900 1022 1059 1106 agendum
1084 1027 1142 1102 est,
1165 1026 1201 1085 ut
1225 1039 1267 1085 ex
1290 1027 1377 1085 certa
1398 1040 1469 1105 per-

342 1136 425 1200 nicie
456 1135 566 1199 salvus
597 1136 711 1200 evadat
743 1137 914 1217 exereitus,
937 1135 1018 1220 legis
1041 1137 1195 1200 minutias
1219 1137 1315 1200 anxie
1338 1154 1467 1200 curare:

343 1248 439 1313 silent
468 1250 553 1312 enim
584 1249 670 1332 leges
701 1250 785 1312 inter
815 1267 913 1330 arma,
937 1251 1057 1332 quanto
1080 1251 1183 1332 magis
1205 1250 1289 1312 inter
1311 1248 1476 1312 Barbare.

342 1378 415 1426 rum
438 1363 543 1426 minae
567 1367 599 1425 et
620 1361 763 1445 undique
784 1361 941 1425 instantes
960 1361 1120 1426 insidias?
1140 1359 1224 1445 llrgo
1238 1366 1355 1426 eatum
1367 1359 1468 1424 fuisse

343 1479 444 1538 aetate
477 1473 725 1556 Xenophontem
757 1473 924 1555 contendo,
956 1493 1019 1556 qua
1049 1493 1088 1536 aa
1109 1493 1173 1536 asu
1194 1477 1224 1536 at
1246 1471 1468 1536 masraetudiae

342 1589 525 1652 inauditum
550 1592 642 1670 esset,
666 1607 827 1652 summum
852 1587 893 1650 ad
916 1588 1057 1671 aliquem
1079 1587 1201 1651 deferre
1219 1588 1398 1669 imperium.
1419 1585 1469 1650 Ne

343 1706 449 1765 antem
470 1702 566 1764 nimis
584 1700 681 1764 breve
700 1699 756 1764 fiat
774 1706 910 1784 tempus,
928 1720 986 1785 per
1006 1700 1093 1785 quod
1104 1699 1243 1764 Socratis
1255 1699 1469 1764 familiaritate

344 1816 484 1898 potuerit
506 1816 563 1895 uti,
586 1834 660 1878 cum
683 1813 837 1878 Vatero
862 1815 959 1894 (Anu.
981 1813 1065 1897 Lips.
1090 1813 1186 1894 1846,
1211 1813 1272 1875 147
1288 1815 1369 1896 sqq.)
1397 1814 1467 1877 eius

344 1927 465 1991 natales
489 1927 529 1990 ad
554 1925 601 1990 Ol.
626 1929 668 1990 88
691 1926 875 2009 referamne,
899 1928 955 1992 sed
978 1928 1018 1991 ad
1041 1928 1111 1992 eins
1132 1924 1332 2009 Olympiadis
1346 1945 1468 1989 annum

346 2041 506 2123 ultimum,
540 2041 586 2103 ita
622 2045 656 2105 ut
687 2039 900 2124 expeditionis
930 2023 1072 2124 tempore
1103 2040 1295 2123 vigesimum
1317 2040 1468 2122 quintum

346 2172 468 2218 annum
492 2157 605 2236 ageret

388 2265 456 2329 Iam
490 2266 566 2330 satis
596 2269 725 2348 apparet
756 2283 815 2347 me,
838 2267 866 2328 si
896 2283 938 2328 ne
959 2266 995 2327 in
1018 2263 1128 2330 Cobeti
1152 2265 1283 2348 quidem
1312 2266 1471 2329 sententia

345 2379 547 2462 acquiescere
577 2396 718 2461 possum,
747 2379 858 2440 minus
888 2379 982 2442 etiam
1005 2377 1140 2460 probare
1163 2375 1351 2441 Oroiseti
1372 2379 1469 2440 ratio-

345 2511 428 2574 nem,
452 2494 509 2574 qui
532 2493 566 2553 in
589 2491 749 2573 praeclaro
772 2490 852 2553 libro
873 2490 911 2554 de
930 2490 1155 2574 Xenophontis
1176 2491 1283 2555 indole
1295 2496 1327 2554 et
1339 2492 1468 2575 ingenio

344 2620 417 2668 eum
442 2623 460 2667 a
484 2605 548 2666 435
573 2608 684 2678 natum
710 2603 881 2667 existimat.
906 2601 989 2678 Quid
1015 2605 1118 2667 virum
1144 2604 1309 2686 egregium
1333 2604 1373 2666 ad
1398 2623 1467 2683 eam

343 2719 525 2801 opinionem
559 2717 688 2780 duxerit
711 2735 788 2779 mox
811 2716 924 2799 dicam,
948 2717 1109 2800 simulque
1132 2717 1350 2781 demonstrare
1375 2737 1469 2780 cona-

343 2831 401 2894 bor
435 2830 513 2894 mihi
547 2829 634 2893 haud
670 2830 746 2893 satis
777 2848 875 2912 grave
904 2829 986 2893 illud
1016 2834 1243 2913 argumentum
1274 2829 1382 2893 videri.
1405 2828 1468 2893 Sed

344 2949 437 3008 antea
456 2942 656 3006 Nicolaiu
666 2962 697 3005 m
718 2943 921 3026 impugnabo,
936 2962 1031 3026 quem
1045 2941 1208 3007 Croisetus
1220 2944 1342 3008 socium
1355 2950 1469 3006 nactus

346 3063 402 3137 est,
425 3057 529 3119 virum
555 3056 785 3136 doctissimum,
808 3060 840 3118 et
863 3057 915 3118 oni
936 3051 1052 3138 magna
1070 3057 1104 3116 in
1125 3055 1175 3118 his
1187 3055 1284 3119 rebus
1297 3056 1468 3118 auctoritas

347 3169 457 3232 merito
488 3167 656 3230 tribuitur:
681 3169 709 3230 is
734 3169 876 3231 enimin
901 3173 1134 3251 programmate
1159 3167 1326 3249 Gymnasii
1348 3167 1469 3231 Anhal·

345 3282 424 3345 tiani
448 3279 581 3344 Oroiseti
604 3281 794 3344 sententiam
818 3280 939 3363 probat,
961 3286 1149 3364 argumenta
1167 3281 1339 3364 improbat:
1353 3283 1468 3346 vitiose

347 3397 433 3458 enim
460 3394 499 3457 ab
522 3412 559 3456 eo
582 3393 699 3472 locum,
723 3412 787 3477 quo
814 3412 933 3476 omnes,
957 3387 1014 3478 qui
1037 3395 1119 3457 hano
1144 3396 1362 3478 quaestionem
1386 3401 1468 3460 trao-

346 3514 461 3589 tamus,
495 3507 587 3590 quasi
615 3505 823 3569 fundamento
855 3507 998 3588 nitimur,
1029 3507 1199 3590 explicari3
1224 3526 1290 3570 non
1314 3509 1399 3571 enim
1421 3509 1469 3572 ibi

346 3623 398 3704 agi
432 3620 472 3684 de
507 3633 632 3683 summo
663 3619 797 3702 imperio
829 3623 860 3682 et
891 3619 930 3683 de
952 3620 1039 3682 iusta
1061 3621 1188 3703 imperii
1211 3625 1321 3702 aetate,
1345 3621 1401 3684 sed
1423 3622 1468 3685 ita

347 3734 445 3798 verba
473 3733 697 3816 Xenophontis
730 3732 768 3796 ad
801 3732 941 3796 Proxeni
963 3731 1113 3816 lochagos
1137 3751 1207 3796 esse
1230 3734 1414 3817 accipienda
1437 3738 1468 3797 et

347 3841 514 3911 vertenda:
550 3895 565 3926 „
576 3852 606 3909 et
630 3847 698 3928 ipse
723 3865 917 3929 quamquam
941 3847 1032 3910 nullo
1055 3846 1173 3928 fungor
1195 3865 1337 3928 munere,
1360 3852 1467 3910 tamen

348 3961 376 4023 si
406 3943 463 4022 ios
493 3957 605 4040 (nobili
636 3957 765 4021 honoris
790 3977 897 4021 amore
921 3957 1084 4040 stimulati)
1109 3958 1245 4042 collegas
1266 3964 1390 4024 vestros
1414 3960 1468 4023 ad·

349 4072 468 4135 hortari
491 4070 590 4134 vultis
613 4071 664 4149 (ne
687 4071 830 4134 animum
855 4070 1080 4154 despondeant,
1102 4072 1159 4134 sed
1181 4091 1264 4154 quae
1286 4091 1368 4154 opus
1391 4077 1469 4136 sunt

349 4187 481 4268 parent),
511 4184 602 4247 vobis
631 4203 682 4247 me
706 4185 879 4266 adiungere
901 4183 993 4246 volo:
1019 4185 1098 4266 quin
1123 4186 1217 4247 etiam
1242 4187 1269 4247 si
1292 4204 1343 4248 me
1365 4186 1466 4268 elege-

348 4299 417 4362 ritis
448 4299 505 4384 qui
526 4299 645 4382 primas
667 4307 772 4379 partes
795 4312 887 4382 egem
910 4299 963 4378 (so.
986 4298 1020 4360 in
1044 4299 1186 4362 exercitu
1210 4297 1249 4359 ad
1272 4296 1367 4361 fortia
1389 4317 1464 4362 con-
