3348 5262
867 642 932 706 298

334 837 502 897 accuratus
527 833 607 916 quin
631 830 765 894 alteram
788 833 916 894 tantum
939 834 1061 913 partem
1084 830 1302 894 annotationis
1323 826 1462 914 adderet,

334 947 496 1010 omitteret
519 945 662 1009 aiteram.

377 1059 402 1141 Ι,
434 1061 484 1123 28.
515 1057 690 1140 Lysander,
714 1057 771 1121 ubi
797 1077 816 1121 a
838 1059 917 1140 suis,
941 1077 1024 1140 qnos
1047 1057 1264 1121 Athenienses
1289 1056 1461 1121 observare

332 1173 437 1255 iussit,
461 1172 587 1236 sublato
611 1172 713 1254 clipeo
736 1172 850 1234 certior
872 1171 977 1235 factus
997 1176 1046 1235 est
1064 1171 1278 1236 Athenienses
1291 1189 1308 1234 e
1321 1169 1462 1234 navibus

332 1303 478 1369 egressos
509 1290 541 1349 st
567 1284 728 1369 dispersos
751 1302 829 1365 esse,
853 1282 934 1354 εὐθὺς
958 1281 1163 1359 dodrantarias
1187 1281 1338 1360 ταχίστην
1361 1288 1458 1344 πλεῖν.

332 1393 497 1478 inproprie
527 1395 558 1461 δὲ
588 1395 639 1460 καὶ
670 1391 777 1476 Θώραξ
805 1395 838 1459 τὸ
862 1395 947 1475 πεζὸν
969 1393 1056 1474 ἔχων.
1083 1394 1170 1471 Quid
1193 1397 1251 1459 hac
1274 1396 1461 1460 narratione

331 1511 448 1575 faciam
472 1512 614 1594 ingenue
635 1528 689 1574 me
712 1511 836 1574 nescire
858 1509 967 1574 fateor.
988 1506 1150 1593 Compare
1170 1510 1257 1573 enim
1279 1509 1461 1592 quae518

331 1624 500 1707 leguntur:
525 1620 693 1701 Λύσανδρος
715 1619 747 1685 δὲ
770 1617 804 1695 ἐξ
826 1619 960 1698 Ἀβύδου
983 1619 1128 1701 παρέπλει
1148 1621 1188 1692 εἷς
1207 1621 1393 1700 Λάμψακον·
1408 1619 1462 1685 καὶ

332 1734 356 1798 οἱ
378 1732 539 1812 Ἀβυδηνοὶ
562 1731 615 1798 καὶ
639 1733 663 1798 oi
685 1731 770 1797 ἄλλοι
794 1741 930 1814 παρῇσαν
953 1732 1040 1813 πεζῇ·
1058 1733 1160 1811 ἡγεῖτο
1181 1733 1213 1797 δὲ
1231 1729 1338 1814 Θώραξ
1356 1743 1461 1797 Λακε-

331 1844 486 1925 δαιμόνιος.
511 1848 551 1911 In
575 1847 694 1930 quibus
718 1847 810 1910 nulla
831 1852 881 1912 est
905 1848 1068 1910 molestia:
1094 1846 1210 1928 Abydo
1232 1848 1319 1911 enim
1339 1846 1462 1931 Lamp-

332 1979 445 2024 sacum
483 1962 639 2044 navigans
673 1979 761 2024 oram
793 1959 865 2042 lepti
898 1959 1081 2041 Lysander:
1116 1960 1208 2024 facile
1242 1979 1318 2044 ergo
1349 1962 1461 2044 copiae

331 2072 493 2158 pedestres
517 2092 615 2137 naves
637 2071 781 2136 comitari
803 2077 947 2156 possunt.
966 2072 1083 2137 Nostro
1105 2076 1213 2137 autem
1234 2073 1304 2137 looo
1317 2072 1460 2157 depror-

332 2207 388 2251 sus
419 2186 481 2250 alia
508 2205 559 2251 res
582 2188 696 2271 agitur.
722 2185 766 2250 Ut
789 2188 876 2250 enim
902 2205 920 2250 θ
942 2191 1038 2269 portu
1061 2185 1232 2269 Lampsaci
1254 2186 1295 2249 ad
1319 2187 1458 2251 classem

331 2300 582 2364 Atheniensium
615 2300 779 2384 perveniat
810 2297 930 2362 fretum
961 2296 1130 2379 Lysandro
1154 2297 1377 2362 traiciendum
1400 2305 1458 2364 est.

330 2411 415 2476 Nam
442 2417 551 2476 utrum
580 2412 689 2495 Aegos
711 2410 834 2474 flumen
858 2410 1075 2475 exadversum
1100 2409 1318 2494 Lampsacum
1342 2413 1391 2495 sit,
1416 2430 1460 2476 an

331 2530 379 2608 (ut
409 2525 537 2590 tabulae
567 2525 797 2609 geographicae
823 2523 985 2604 exhibent)
1008 2525 1104 2607 paulo
1128 2525 1231 2607 magis
1256 2524 1456 2590 occidentem

331 2658 454 2721 versus,
477 2657 584 2722 neqne
609 2639 674 2702 soio
699 2655 804 2721 neque
829 2657 923 2701 curo:
948 2636 1197 2720 Xenophontem
1223 2639 1311 2701 enim
1331 2643 1460 2702 constat

330 2760 361 2819 et
395 2755 504 2838 ipsum
544 2759 674 2837 putasse
708 2759 739 2818 et
773 2751 948 2817 lectoribus
982 2751 1152 2816 tradidisse
1185 2750 1403 2835 Lampsacum
1441 2772 1460 2816 e

330 2870 461 2952 regione
490 2867 598 2951 Aegos
630 2866 777 2930 fluminis
809 2868 908 2930 situm
939 2866 1050 2930 fnisse.
1072 2865 1156 2929 Vide
1181 2866 1199 2946 ᾗ
1224 2867 1283 2928 21;
1308 2861 1459 2928 ἔπλευσαν

329 2980 369 3051 εἷς
392 2981 483 3057 Αἰγὸς
507 2980 643 3057 ποταμὸν
663 2978 759 3043 ἀντίον
776 2985 830 3052 τῆς
849 2976 1038 3057 Λαμψάκου·
1060 2975 1152 3057 διέχει
1164 2977 1196 3041 δὲ
1208 2977 1220 3041 ὂ
1234 2977 1457 3051 Ἑλλήσποντος

329 3091 424 3172 ταύτῃ
449 3091 585 3162 σταδίους
609 3093 646 3162 ὥς
671 3090 897 3154 πεντεκαίδεκα.
923 3090 986 3167 Qui
1010 3111 1085 3176 ergo
1103 3091 1229 3155 Thorax
1249 3109 1325 3154 cum
1343 3092 1459 3175 pediti·

329 3206 393 3270 bus
424 3208 491 3270 suis
522 3203 718 3285 συμπεριέναι
748 3205 877 3289 potest?
900 3205 984 3270 Nam
1009 3205 1202 3269 Plutarchus
1225 3206 1260 3267 in
1285 3204 1395 3269 eadem
1421 3225 1458 3270 re

330 3318 492 3400 tradenda,
526 3320 595 3382 sive
632 3338 697 3402 qno
732 3320 870 3382 narratio
901 3317 992 3382 fieret
1020 3319 1117 3401 paulo
1149 3319 1252 3401 magis
1276 3318 1457 3402 perspicua,

330 3433 398 3496 sive
422 3431 509 3515 qnod
532 3450 574 3495 ex
597 3431 658 3494 alio
680 3430 768 3495 fonte
791 3433 908 3512 hausit,
931 3431 1009 3495 haec
1032 3430 1110 3494 dicit
1133 3429 1217 3511 (Lys.
1242 3449 1267 3494 o.
1294 3430 1458 3511 11);ε’πέ-

329 3559 418 3608 arator
445 3542 501 3622 μέν
523 3543 554 3606 αἱ
576 3550 649 3616 νῆες,
674 3543 839 3621 ἡμιλλῶντο
862 3542 893 3607 δὲ
916 3543 940 3607 oi
960 3541 1044 3622 πεζοὶ
1067 3543 1150 3622 παρὰ
1171 3542 1220 3607 τὸν
1243 3543 1380 3621 αἰγιαλὸν
1402 3543 1456 3608 ἐπὶ

328 3658 382 3731 τὴν
413 3655 512 3738 ἄκραν.
545 3657 681 3723 Putasse
711 3677 786 3742 ergo
812 3657 940 3721 videtur
963 3657 1126 3740 Spartanis
1150 3657 1353 3740 aliquantum
1380 3676 1456 3722 orae

328 3771 503 3855 legendum
525 3770 635 3852 fuisse,
657 3772 848 3855 priusquam
871 3776 902 3834 et
920 3770 960 3833 ad
973 3771 1244 3854 angustissimum
1258 3769 1332 3834 freti
1342 3770 1453 3833 locum

328 3887 533 3969 pervenirent
555 3889 587 3949 et
610 3884 826 3948 exadversum
851 3883 1065 3947 Athenienses
1088 3888 1202 3948 essent.

372 3997 397 4079 I,
422 3996 599 4061 savione
623 3997 709 4080 apud
731 3996 839 4080 Aegos
862 3996 986 4060 flumen
1010 3994 1263 4060 Atheniensibus
1288 3994 1457 4076 Lysander

329 4111 369 4175 de
392 4111 525 4194 captivis
548 4111 708 4174 indicium
733 4115 867 4174 exercet.
891 4109 995 4173 Multa
1016 4109 1062 4173 ibi
1084 4111 1116 4172 in
1141 4110 1355 4174 Athenienses
1379 4129 1456 4193 pro·

327 4223 475 4288 feruntur
505 4225 651 4306 crimina,
684 4228 906 4287 momorantur
935 4224 1083 4304 iniuriae,
1108 4221 1228 4306 quibus
1259 4222 1324 4286 iam
1349 4221 1389 4285 ab
1412 4224 1455 4288 iis

330 4338 443 4402 Gracci
473 4339 575 4402 affecti
602 4343 700 4415 erant,
727 4338 914 4419 mentioqne
937 4335 973 4399 fit
996 4333 1213 4399 erudelissimi
1237 4333 1363 4416 decreti,
1388 4353 1456 4416 quo
