3348 5262
713 587 777 649 253

179 773 203 838 εἰ
240 771 271 838 δέ
309 796 353 844 τις
387 775 488 837 τοοῦτοο
521 772 646 836 θπνστεῖ
677 770 788 836 ἰδέτω
823 771 879 848 μὲν
918 768 961 835 οἵω
998 770 1072 836 οἱκθοι
1105 769 1182 853 ἤρκει
1216 771 1305 852 οοθτῷ,

180 884 380 951 θεοοσοθσθω
404 886 435 950 δὲ
459 884 515 957 τοὶς
540 883 899 966 repercuterentur
924 884 981 965 νθορ
1007 882 1044 948 θν
1066 908 1110 956 τος
1129 881 1172 948 ἔτι
1191 884 1308 957 τοοθτοος

179 1000 290 1073 ἐκείνως
313 995 383 1064 εθνοοι
406 997 499 1080 θθσπερ
522 988 734 1080 Ἀρνστθδνροος
757 998 771 1062 θ
795 997 973 1073 Ἡροονολέονς
997 997 1044 1062 θτε
1063 998 1308 1077 κοοτῆλθελοοβὼν

179 1115 375 1190 ἐπεστήσατο·
418 1113 611 1196 πεοροθσθω
654 1114 685 1177 δὲ
721 1112 879 1178 θεοθσοοσθοω
913 1113 966 1186 τὴν
1001 1111 1078 1177 ἔνδον
1112 1113 1308 1192 κοοτοοσκενθν,

181 1228 400 1302 ε’ννονσοθτω
425 1229 455 1292 δὲ
480 1230 517 1300 ὥς
537 1226 677 1308 ε’θοθνοιζεν
698 1229 727 1292 ἕν
745 1235 811 1300 τοοῖς
832 1228 951 1300 θνσθοοις,
974 1226 1183 1292 οὶκονσοθτω
1204 1226 1309 1293 distri,

179 1342 218 1407 In
246 1343 366 1426 quibus
389 1344 654 1427 imperativorum
678 1342 853 1407 multitudo
878 1344 955 1406 satis
979 1341 1101 1426 probat,
1126 1362 1188 1406 non
1216 1361 1311 1425 posse

180 1457 266 1521 huno
288 1457 396 1521 locum
418 1476 484 1520 non
509 1475 579 1520 esse
602 1475 644 1520 ex
668 1457 895 1520 exercitatione
919 1456 1028 1538 aliqua
1052 1455 1249 1519 scholastica.

224 1568 316 1650 VIII,
347 1570 375 1632 8.
400 1569 575 1652 „Agesilao
602 1572 668 1632 tom
692 1569 878 1652 simpliciter
903 1570 1023 1634 viventi
1047 1588 1112 1632 non
1139 1588 1219 1652 opus
1244 1574 1312 1632 erat

182 1703 297 1766 magno
321 1684 442 1747 reditu:
470 1673 535 1746 non
557 1703 631 1766 ergo
651 1682 823 1767 cogebatur
844 1683 1022 1766 quidquam
1041 1684 1196 1766 pecuniae
1215 1701 1312 1746 causa

181 1798 302 1861 iniuste
320 1796 441 1861 facere:
461 1795 554 1860 καίτοι
575 1796 664 1859 κοολθν
684 1795 739 1872 μὲν
757 1789 917 1859 ductitium
929 1795 1017 1874 τείχη
1030 1794 1312 1859 οθνοθλωτοοκτοῖσθοοι

184 1908 241 1973 ὑπὸ
276 1907 434 1986 πολεμίων·
468 1908 544 1973 πολὺ
578 1907 677 1985 μέντοι
709 1905 805 1986 ἔγωγε
834 1907 953 1972 κοθλλνον
985 1908 1064 1984 κρίνω
1088 1907 1121 1972 τὸ
1144 1906 1197 1980 τὴν
1221 1907 1311 1971 αὑτοῦ

183 2132 235 2197 aci
269 2133 325 2198 ὑπὸ
358 2131 488 2215 φθβον”.
523 2134 625 2198 Nemo
657 2136 703 2198 sic
734 2133 843 2198 scribit
872 2135 1067 2220 loquiturve,
1101 2138 1158 2220 qui
1188 2155 1253 2199 non
1276 2137 1311 2199 in

185 2249 320 2313 rhetoris
345 2248 483 2313 alicuius
508 2248 616 2312 schola
639 2253 688 2312 est
710 2248 864 2313 eruditus.

232 2361 291 2444 XI,
316 2363 344 2425 7.
367 2361 521 2426 Eiusdem
544 2364 671 2445 generis
696 2366 744 2427 est
767 2361 932 2444 flosculus,
956 2364 1013 2446 qui
1035 2363 1087 2426 hic
1105 2363 1239 2446 legitur:
1260 2359 1312 2426 κοοθ

182 2477 233 2537 τοῦ
256 2474 311 2551 μὲν
334 2473 473 2551 σώματος
495 2471 589 2537 εἰκθνοο
613 2473 779 2548 στθσοοσθων
803 2472 967 2553 ἀπέσχετο,
991 2478 1107 2539 πολλῶν
1127 2475 1207 2555 οιθτῷ
1228 2479 1314 2539 τοῦτο

184 2587 330 2667 δωρεῖσθοον
362 2584 507 2657 θελθντων,
538 2592 593 2659 τῆς
624 2587 656 2651 δὲ
686 2592 791 2666 ψυχῆς
822 2585 959 2651 οὐδέποτε
982 2585 1106 2652 ε’ποοθετο
1132 2594 1314 2666 [canusio

184 2697 517 2779 διαπονούμενος,
555 2698 715 2777 θνοθμενος
749 2701 790 2765 τὸ
826 2699 896 2777 μὲν
930 2700 1167 2781 οὶνδρνοοντοτοοῶν
1203 2701 1244 2766 τὸ
1275 2699 1313 2765 δὲ

184 2812 288 2876 ἑωυτοῦ
322 2809 402 2893 ἔργον
437 2806 517 2886 εἷνοον,
552 2811 604 2877 aa>
636 2813 676 2877 τὸ
707 2812 778 2890 μὲν
809 2813 953 2877 πλουσίων
974 2815 1015 2878 τὸ
1039 2815 1078 2878 δὲ
1101 2817 1158 2878 τῶν
1181 2815 1311 2892 apator.
1405 2837 1409 2846 ’

187 2925 290 3010 Magis
314 2930 422 2991 tamen
439 2900 497 2991 ¹hic
521 2927 653 2991 auditur
675 2947 831 2992 numerus
855 2929 1041 2993 rhetoricus.

230 3038 291 3122 IX,
317 3040 344 3102 1.
369 3039 552 3124 Comparari
575 3041 627 3104 hic
652 3061 782 3125 quoque
804 3041 894 3105 loeus
913 3046 1026 3127 potest,
1049 3047 1159 3126 utpote
1179 3063 1315 3127 queme

185 3155 312 3219 rhetore
341 3160 371 3220 et
396 3156 536 3240 sophista
559 3158 663 3240 magis
686 3163 851 3241 exspectes
875 3177 971 3241 quam
996 3158 1036 3221 ab
1052 3158 1126 3222 'ullo
1152 3160 1214 3222 alio
1238 3161 1315 3224 scri-

187 3272 292 3351 ptore:
321 3269 518 3352 ,Agesilaus
543 3288 668 3353 semper
691 3271 724 3333 in
745 3269 874 3354 publico
895 3275 970 3352 erat,
988 3268 1317 3356 νομίζωνωὶσχροοργθρ

187 3379 243 3456 μὲν
269 3380 302 3443 τὸ
324 3361 521 3460 οθφοονθζεσθων
544 3379 671 3462 πρέπειν,
695 3382 743 3461 τῷ
766 3382 805 3446 δὲ
828 3381 882 3454 εἷς
905 3380 1054 3456 κοθλλος
1077 3382 1148 3464 βίῳ
1171 3385 1211 3449 τθ
1234 3388 1316 3466 Φῶς

188 3495 344 3570 μᾶλλον
366 3491 511 3571 κθσμον
535 3492 677 3576 Φέρενν.

231 3605 274 3670 Χ,
309 3607 337 3672 1.
368 3605 503 3690 καρτερίᾳ
535 3607 590 3686 μὲν
623 3605 772 3689 πρωτεθων
799 3606 866 3674 ἔνθοο
889 3616 986 3674 πονεῖν
1008 3609 1157 3690 κωνρθς,
1182 3611 1261 3692 οὶλκῇ
1285 3611 1316 3675 δὲ

187 3716 258 3782 θπον
289 3718 420 3800 οθνδρεθοος
452 3719 574 3798 dyeia,
606 3721 711 3802 γνθμρ
743 3721 774 3785 δὲ
797 3719 866 3787 θπον
889 3721 999 3800 βουλῆς
1022 3719 1140 3803 ἔργον.
1167 3722 1317 3806 Synony-

189 3853 317 3897 morum
343 3836 434 3919 copia
458 3836 633 3920 sophistam
656 3837 769 3921 prodit.
788 3836 862 3900 Vid.
874 3836 985 3902 Valck.
1005 3838 1046 3901 ad
1062 3836 1179 3902 Herod.
1192 3837 1251 3920 IX,
1264 3839 1316 3900 27.

233 3946 292 4010 ΧΙ.
327 3947 374 4012 Ut
406 3949 490 4012 dicat
523 3951 585 4031 „iu
616 3970 650 4015 re
681 3951 822 4016 secunda
852 3953 960 4016 minus
984 3953 1080 4015 etiam
1105 3971 1200 4035 quam
1225 3952 1259 4015 iu
1282 3971 1317 4016 re

190 4061 324 4126 adverso
346 4061 478 4127 deorum
502 4064 733 4129 immortalium
756 4067 926 4128 immemor
943 4063 1041 4146 erat'',
1060 4065 1121 4129 hoc
1141 4083 1183 4128 ex
1202 4066 1316 4128 intimo

190 4173 317 4239 scholae
348 4175 482 4240 artifieio
513 4179 632 4260 premii
663 4182 904 4242 ornamentum:
930 4178 1033 4257 θωρρῶν
1057 4175 1177 4240 πλεθονοο
1199 4174 1315 4250 ἔθοενθ

191 4287 278 4352 θκνῶν
301 4286 417 4368 εὔχετο.
