3330 5262
859 583 922 646 336

322 773 392 832 tum
428 767 554 849 ducere,
589 771 625 830 ut
661 766 790 850 utrique
820 763 1036 829 Barbarornm
1066 766 1134 850 regi
1164 765 1278 829 fierent
1309 763 1450 845 obnoxii,

323 879 589 964 profitereturque
613 897 647 943 se
673 878 803 942 domum
828 878 978 942 reducem
1002 897 1131 962 operam
1153 878 1305 941 daturum
1325 880 1451 958 esseut

326 1013 421 1077 quarn
446 993 586 1076 primum
610 1011 673 1075 pax
695 991 793 1055 fieret.
817 991 927 1074 Atque
949 991 1036 1055 illam
1057 991 1186 1075 quidem
1208 989 1450 1055 sententiamde

326 1104 574 1168 Atheniensium
607 1122 681 1166 cnm
710 1102 874 1186 Spartanis
897 1103 980 1167 bello
1005 1105 1130 1187 egregie
1154 1101 1364 1186 Xenophonti
1387 1100 1451 1184 pla·

327 1218 433 1280 cuisse
467 1221 607 1280 constat:
644 1221 711 1284 erat
742 1217 828 1279 enim
859 1215 1040 1299 Xenophon
1065 1216 1192 1280 illorum
1219 1217 1371 1296 virorum,
1396 1215 1451 1296 qui

326 1329 412 1393 idem
436 1333 613 1410 censerent,
638 1328 724 1410 quod
747 1329 873 1411 priscus
895 1329 950 1393 ille
970 1328 1084 1393 Cimon
1104 1329 1257 1392 Miltiadis
1268 1328 1372 1392 filius:
1387 1345 1451 1389 non

327 1441 435 1505 hostes
469 1441 525 1505 sed
561 1442 664 1505 socios
699 1460 768 1504 esse
802 1447 947 1526 oportere
978 1442 1192 1507 Athenienses
1216 1447 1248 1506 et
1271 1441 1452 1525 Spartanos,

327 1553 479 1637 fidelique
516 1554 685 1617 concordia
718 1554 767 1617 τὸν
801 1552 950 1634 βάρβαρον
985 1555 1136 1638 repellere
1171 1558 1346 1637 contraque
1380 1572 1452 1617 eum

329 1666 522 1730 Graecorum
552 1656 732 1730 libertatem
762 1667 934 1744 vindicare,
956 1668 1215 1756 luculenterque⁸
1233 1687 1303 1731 eam
1327 1672 1454 1731 senten-

328 1779 405 1842 tiam
436 1778 577 1842 defendit
609 1779 759 1861 oraticue,
784 1800 879 1864 quam
904 1780 1010 1844 Procli
1032 1780 1174 1845 Phliasia
1197 1779 1311 1844 tribuit
1334 1780 1401 1861 (VI,
1425 1783 1457 1861 5,

330 1893 372 1954 38
386 1892 476 1974 sqq).
509 1891 727 1957 Callicratidas
750 1898 867 1975 tamen,
890 1895 953 1956 viri
976 1899 1041 1957 tam
1066 1893 1127 1958 sibi
1150 1900 1278 1978 propter
1302 1895 1453 1957 virtutem

330 2005 585 2088 sapientiamque
627 2004 760 2087 probati,
793 2009 927 2069 mortem
971 1990 1026 2070 sic¹
1050 2006 1163 2090 proelii
1199 2007 1239 2069 ad
1273 2006 1456 2090 Arginusas

331 2117 537 2201 descriptioni
567 2119 695 2181 inserit:
721 2115 785 2181 ἐπεὶ
808 2116 839 2180 δὲ
864 2118 1105 2198 Καλλικρατίδας
1128 2141 1161 2181 τε
1184 2116 1377 2195 ἐμβαλούσης
1402 2124 1457 2191 τῆς

331 2230 398 2300 νεὼς
428 2229 586 2293 ἀποπεσὼν
618 2230 657 2300 εἷς
683 2229 736 2302 την
761 2228 914 2294 ίοίλατταυ
938 2230 1094 2310 ἠφανίσθη,
1119 2228 1323 2312 Πρωτόμαχός
1346 2255 1379 2294 τε
1402 2229 1456 2294 καί

331 2341 355 2406 οἱ
377 2342 446 2418 μετ’
470 2343 562 2407 αὐτοῦ
585 2342 626 2422 τῷ
651 2339 732 2422 δεξιῷ
756 2343 790 2407 τὸ
813 2343 958 2421 εὐώνυμον
980 2342 1124 2418 ἐνίκησαν,
1147 2344 1274 2408 ἐντεῦίεν
1293 2343 1379 2424 φυγὴ
1400 2347 1458 2408 τῶν

331 2453 566 2528 Πελοποννησίων
590 2452 713 2530 ἐγένετο.

376 2567 412 2630 Β.
450 2566 552 2644 Quam
582 2570 690 2652 gravis
719 2569 817 2634 fuerit
839 2570 954 2652 clades,
980 2590 1074 2654 quam
1100 2571 1185 2655 apud
1208 2570 1345 2635 Leuctra
1369 2590 1460 2636 acce-

331 2687 449 2765 perunt
472 2681 627 2766 Spartani,
652 2685 775 2746 nemini
800 2667 901 2767 magis
921 2688 1033 2747 notum
1053 2689 1101 2748 est
1122 2705 1218 2767 quam
1237 2683 1461 2768 Xenophonti,

332 2813 492 2878 nemoque
526 2798 707 2860 accuratius
742 2797 893 2880 depingit,
930 2817 1025 2879 quam
1061 2798 1137 2862 inde
1171 2796 1210 2861 ab
1245 2797 1299 2861 illo
1333 2798 1457 2880 proelio

332 2906 450 2972 fractae
472 2907 592 2972 fuerint
616 2908 844 2993 Spartanorum
870 2910 962 2974 vires.
983 2909 1022 2973 In
1042 2929 1079 2974 eo
1099 2914 1204 2974 tamen
1216 2910 1337 2994 proelio
1350 2912 1460 2994 ipsum

334 3020 562 3105 Spartanorum
597 3042 704 3107 regem
739 3023 891 3087 cecidisse
925 3024 982 3086 rix
1013 3029 1256 3088 commemorat:
1289 3043 1359 3088 eam
1390 3043 1460 3088 rem

333 3135 445 3198 lectori
466 3134 526 3198 οὶπί
549 3139 601 3198 τοῦ
624 3133 842 3212 σεσαοπημένου
865 3135 1103 3219 intelligendam
1123 3136 1283 3220 relinquit.
1302 3136 1352 3200 Ita
1373 3139 1458 3200 enim

335 3251 443 3311 narrat
478 3247 546 3330 (Vl,
576 3249 606 3331 4,
639 3250 706 3329 13):
740 3246 803 3312 ἕπε)
836 3247 867 3311 δὲ
890 3245 996 3328 ἤρξατο
1019 3246 1102 3326 ἄγειν
1123 3248 1136 3312 ὁ
1161 3247 1366 3328 Κλεόμβροτος
1390 3249 1461 3329 πρὸς

336 3357 402 3430 τοὺς
436 3359 602 3437 πολεμίους,
639 3365 747 3440 πρῶτον
781 3360 836 3438 μὲν
867 3359 933 3442 πρὶν
963 3360 1011 3424 καί
1043 3360 1189 3426 αίσίίσίαν
1219 3363 1251 3427 τὸ
1274 3362 1342 3439 μετ’
1370 3363 1461 3426 αὐτὸν

336 3469 509 3551 στροίτευμα
539 3470 580 3536 ta
612 3473 718 3550 ἡγοῖτο,
743 3471 795 3536 καί
818 3473 853 3545 δη
876 3472 928 3538 καί
953 3474 977 3537 οἱ
998 3474 1100 3546 ἱππεῖς
1123 3473 1383 3552 συνεβεβλήκεσαν
1408 3472 1461 3539 καὶ

335 3583 419 3662 ταχὺ
442 3581 567 3657 ἥττηντο
590 3585 614 3648 οἱ
636 3588 691 3648 τῶν
715 3585 964 3663 Λακεδαιμονίαν·
987 3585 1148 3666 Φεύγοντες
1172 3587 1202 3652 δὲ
1221 3588 1462 3652 ἐνεπεπτώκεσαν

335 3702 394 3768 τοῖς
417 3696 527 3760 ἑαυτῶν
550 3696 695 3771 ὁπλίταις,
720 3695 761 3760 ἐτν
782 3698 812 3762 δὲ
832 3697 991 3776 ἐνέβαλλον
1011 3699 1034 3762 οἱ
1052 3704 1108 3763 τῶν
1121 3700 1260 3777 Θηβαίαν
1273 3700 1367 3780 λίχοι.
1381 3697 1462 3778 ὅμως

336 3807 368 3871 δὲ
392 3807 428 3880 ὡς
451 3809 475 3872 oi
497 3807 561 3889 ampl
584 3810 633 3873 τὸν
657 3807 858 3891 Κλεόμβροτον
878 3811 910 3874 τὸ
931 3815 1040 3891 πρῶτον
1060 3810 1194 3892 ἐκροίτουν
1211 3821 1247 3894 τῇ
1260 3811 1352 3894 μοίχη
1366 3819 1467 3894 σαφεῖ

337 3918 428 4002 τούτῳ
452 3921 595 4003 τεκμηρίῳ
618 3923 696 4000 γνοίη
721 3947 765 3995 τις
789 3921 834 3987 ah·
859 3924 890 3987 οὐ
913 3922 971 4004 γαρ
991 3921 1181 3988 leuticicorum
1202 3924 1463 3992 absentaremus

339 4030 390 4096 καί
416 4032 513 4112 ζῶντα
535 4035 719 4111 ἐπενεγκεῖν,
743 4035 767 4097 εί
790 4034 833 4112 μη
858 4035 882 4098 οἱ
904 4036 956 4115 πρὸ
978 4037 1068 4099 αὐτοῦ
1093 4037 1260 4115 μαχόμενον
1283 4037 1460 4119 ἕπεκροίτουν

339 4146 368 4208 ἐν
389 4145 483 4226 ἐκείνῳ
506 4148 546 4226 τῷ
569 4144 671 4228 χρόνῳ.
696 4149 894 4232 Aptissimus
918 4154 1023 4212 tamen
1047 4150 1101 4212 hio
1123 4150 1213 4214 locus
1237 4157 1312 4234 erat,
1336 4154 1370 4216 in
1395 4174 1461 4238 quo

341 4259 528 4324 exornando
552 4261 695 4344 scriptor,
718 4281 736 4324 a
758 4261 831 4325 fuco
854 4262 1012 4352 rhetorico
1034 4262 1141 4327 minus
1162 4284 1260 4346 quam
1278 4263 1465 4349 Xenophon
