3330 5262
740 653 805 717 363

210 841 296 904 enim
320 840 475 923 Abydum
497 842 670 925 traiecerat,
690 861 805 907 verum
825 845 860 906 in
883 847 1008 908 montes
1030 843 1200 908 adsccndit.
1213 841 1334 930 Legen-

211 953 291 1017 dum
316 973 390 1038 ergo
415 959 551 1019 estnon
574 953 738 1018 ἐπανελθών
761 975 876 1021 verum
901 955 1043 1028 ecaton„

254 1067 344 1151 VIII,
380 1069 430 1132 38.
461 1067 514 1132 Ex
543 1069 669 1133 insidiis
702 1069 807 1153 prodit
837 1069 1021 1154 Iphicrates,
1046 1091 1149 1155 quum
1174 1071 1336 1154 Abydeni,

212 1183 270 1266 qui
302 1183 338 1245 in
371 1183 485 1247 itinere
518 1182 618 1267 primi
649 1187 749 1265 erant,
778 1183 844 1247 iam
875 1185 910 1247 in
943 1203 1096 1268 campum
1121 1184 1336 1260 advenissent,

213 1297 315 1360 maior
345 1297 485 1380 agminis
515 1315 590 1381 pars
612 1297 647 1359 in
671 1296 787 1361 declivi
810 1302 903 1379 esset,
925 1299 995 1382 ipse
1017 1301 1127 1361 autern
1151 1296 1336 1362 Anaxibius

212 1408 402 1474 descendere
432 1409 595 1493 coepisset.
627 1407 677 1472 καί
710 1407 723 1471 ό
753 1403 924 1487 Ἀναξίβιος
953 1407 1038 1487 γνοὺς
1061 1406 1105 1485 μή
1128 1401 1197 1471 εἶναι
1221 1406 1336 1474 ἐλπίδα

210 1520 360 1601 σωτηρίοις,
395 1519 460 1602 ὁρῶν
493 1519 543 1585 ε’πί
573 1518 649 1584 πολύ
679 1542 714 1584 τε
742 1518 794 1584 καί
825 1521 923 1585 στενόν
953 1519 1148 1599 ἐκτεταμένον
1170 1521 1203 1586 τό
1231 1521 1336 1586 ἑαυτοῦ

213 1632 396 1716 στρότενμα,
421 1631 472 1698 καί
498 1631 619 1713 νομίζων
642 1632 710 1713 πρὸς
733 1632 766 1696 τό
789 1630 912 1704 όίναντες
935 1633 986 1697 οὐκ
1010 1630 1047 1697 ἂν
1071 1631 1210 1697 δύνασθαι
1230 1636 1337 1714 σαφῶς

128 1723 131 1728 ¹
213 1748 355 1826 βοήόήσαι
386 1748 465 1827 αὐτῷ
495 1745 562 1818 τοὺς
594 1745 832 1827 παρεληλυθότας
862 1745 922 1810 κτέ.
956 1745 1041 1824 Quid
1065 1747 1127 1812 sibi
1149 1747 1227 1812 velit
1248 1747 1335 1812 istud

214 1862 320 1940 σαφῶς
351 1879 417 1924 non
448 1860 557 1924 rideo:
591 1878 690 1924 seusu
714 1859 802 1924 euim
827 1879 957 1924 cassum
982 1865 1031 1924 est
1051 1861 1159 1938 σαφῶς
1182 1858 1335 1937 βοηθῆσαι.

213 1973 275 2039 Sed
300 1973 436 2037 dubium
461 1992 527 2037 non
550 1977 599 2037 est
622 1973 703 2056 quin
727 1992 784 2056 prc
808 1969 1045 2053 παρεληλυθότας
1071 1971 1280 2038 scribendum
1294 1974 1336 2038 sit

214 2083 452 2168 προεληλυθότας.
465 2087 585 2151 Veram
599 2087 681 2151 banc
691 2087 861 2152 lectionem
874 2085 1111 2152 Breitenbachii
1123 2086 1220 2152 editio
1233 2086 1337 2152 habet.

680 2363 874 2374 ——-—-

659 2577 834 2644 LIBER
867 2578 906 2644 V.

262 2767 365 2853 eaput
387 2767 413 2850 I,
437 2770 465 2831 2.
493 2768 708 2832 Athenienses
730 2767 770 2831 ab
792 2767 959 2851 Aeginetis
981 2767 1122 2831 lacessiti
1145 2767 1279 2831 classem
1304 2768 1339 2831 iu

218 2883 376 2966 Aeginam
402 2882 535 2945 mittunt
558 2899 696 2964 eamque
719 2886 801 2945 terra
825 2882 973 2966 marique
993 2886 1187 2965 oppugnant.
1208 2879 1222 2943 ό
1240 2877 1339 2957 μέντοι

219 2992 384 3066 Τελευτίας
413 2993 513 3072 τυχὼν
544 2991 593 3056 ἐπί
616 2995 672 3057 τῶν
696 2992 787 3066 νήσων
810 3015 857 3057 ποι
880 2991 1049 3071 όφιγμένος
1072 2991 1152 3057 κατόι
1174 2990 1339 3073 χρήμοίτων

218 3105 299 3188 πόρον
334 3106 463 3178 ακσόσας
496 3109 595 3170 ταῦτα
627 3106 739 3184 ἐβοήθει
768 3113 830 3179 τοῖς
860 3105 1041 3185 Αἰγινήταις.
1074 3107 1181 3171 Verba
1210 3106 1339 3170 ἐπὶτῶν

218 3219 309 3294 νήσων
331 3242 378 3284 ποι
403 3220 548 3304 explicet,
571 3222 628 3306 qui
650 3240 728 3285 sana
751 3239 821 3285 esse
844 3220 967 3286 credat:
995 3222 1074 3284 mihi
1097 3226 1247 3305 corrupta
1270 3239 1339 3286 esse

218 3336 503 3418 persuasissimum
536 3339 591 3399 est.
624 3333 713 3399 Ferri
743 3340 851 3419 posset
881 3337 937 3397 τῶν
959 3333 1050 3408 νήσων
1073 3356 1120 3397 τοι
1145 3336 1226 3414 (sine
1249 3353 1339 3419 prae-

217 3449 396 3531 positione),
420 3447 476 3512 sed
501 3466 541 3511 ne
563 3448 623 3511 hoc
646 3448 776 3532 quidem
806 3448 984 3532 probarem.

262 3559 288 3642 I,
312 3561 340 3631 9.
365 3559 528 3645 Gorgopas
547 3559 723 3645 Spartanus
744 3581 842 3626 naves
861 3561 1004 3626 Eunomi
1021 3560 1228 3625 Atheniensis
1241 3565 1339 3624 noctu

220 3674 345 3737 silentio
377 3673 579 3755 subsecutae,
610 3693 713 3757 quum
745 3674 818 3739 illae
849 3675 889 3738 cd
919 3673 1057 3756 Zostera,
1080 3674 1338 3758 promontorium

221 3789 378 3870 Atticum,
413 3787 619 3871 appulissent,
652 3787 771 3871 proelio
803 3788 935 3872 signum
960 3787 1022 3851 dat.
1046 3787 1086 3866 τῷ
1111 3785 1137 3850 δ’
1162 3784 1285 3866 Εὐνόμῳ
1307 3781 1340 3860 ἐξ

219 3898 296 3964 ἐνίων
328 3897 383 3978 μὲν
406 3903 463 3964 τῶν
486 3904 552 3963 νεῶν
575 3897 639 3981 όίρτι
661 3896 818 3977 ἐξέβαινον,
844 3899 867 3965 σί
889 3897 994 3965 δὲκαὶ
1018 3897 1061 3964 ἔτι
1082 3897 1236 3980 ὡρμίζοντο
1261 3898 1285 3964 οί
1308 3899 1340 3966 δὲ

220 4013 271 4078 καί
302 4011 344 4078 ἔτι
375 4012 543 4078 κατέπλεον.
570 4014 793 4079 Gradatiouem
821 4015 982 4098 quandam
1008 4016 1042 4077 in
1066 4015 1116 4078 his
1141 4013 1247 4078 verbis
1271 4034 1340 4080 esse

221 4129 386 4192 neminem
409 4127 522 4211 fugere
545 4133 657 4212 potest,
681 4128 736 4193 sed
761 4133 798 4192 ut
819 4133 903 4192 recte
926 4147 961 4192 ea
984 4129 1151 4192 enuntiata
1175 4127 1217 4191 sit
1237 4145 1339 4190 unum

220 4238 414 4304 vocabulum
446 4239 556 4304 abesse
586 4239 694 4317 debet3
725 4240 900 4325 legendum
931 4242 1018 4305 enim
1043 4245 1107 4305 est:
1131 4234 1165 4313 ἐξ
1187 4238 1263 4303 ἐνίων
1285 4239 1341 4317 μὲν

202 4356 278 4421 ,τῶν
297 4356 363 4417 νεῶν
381 4353 444 4434 όιρτι
464 4348 621 4431 ἐξέβαινον,
642 4352 666 4417 σί
684 4352 716 4417 δὲ
735 4350 778 4417 ἔτι
796 4351 959 4434 ὡρμίζοντο,
971 4352 996 4418 οί
1008 4353 1039 4418 δὲ
1050 4349 1102 4417 καί
1115 4350 1156 4416 ἐτι
1168 4350 1340 4420 κατέπλεον.
