3348 5262
730 668 793 731 251

209 856 425 938 reperiantur;
460 854 516 918 sed
547 854 582 917 in
613 854 704 918 nullo
728 852 962 938 Xenophonteo
985 854 1067 918 libro
1091 859 1156 918 tam
1179 854 1331 938 frequens

208 969 296 1032 istud
318 968 453 1032 ornandi
476 967 620 1032 studium
643 987 740 1051 quam
763 969 798 1030 in
822 967 1010 1033 brevissimo
1031 969 1174 1052 Agesilai
1187 971 1331 1033 encomio

207 1080 402 1145 observatur.
425 1080 552 1164 Inspice
575 1080 663 1158 mihi,
687 1099 816 1164 quaeso,
838 1082 958 1148 hancce
981 1083 1113 1146 seriem:
1135 1082 1233 1146 simul
1245 1083 1332 1146 vide-

207 1194 257 1258 bis
286 1195 466 1278 imaginum
489 1194 676 1277 permultas,
700 1196 841 1277 quaein
865 1194 1015 1279 Agesilao
1040 1195 1233 1260 adhibentur
1255 1198 1333 1260 satis

208 1325 278 1372 esse
302 1306 473 1387 absurdas3
498 1309 665 1390 risumque
688 1308 746 1369 vix
765 1307 888 1372 tenebis
908 1307 965 1371 ubi
985 1308 1215 1392 observaveris
1236 1330 1333 1393 quam

208 1421 308 1485 soleat
331 1440 420 1504 puer,
444 1421 500 1504 qui
521 1421 617 1484 istam
639 1420 855 1485 laudationem
877 1424 1101 1505 composuerit,
1121 1424 1237 1506 omnia,
1250 1440 1333 1506 quae

209 1540 286 1599 sunt
308 1535 451 1616 dicenda,
477 1536 619 1598 oratione
642 1553 837 1618 exaggerare
860 1539 891 1598 et
913 1536 948 1598 in
971 1537 1076 1600 maius
1100 1555 1225 1620 augere.

253 1647 310 1730 IV,
335 1649 363 1711 1.
386 1647 606 1730 Integritatem
624 1647 907 1731 innocentiamque
923 1649 1066 1731 Agesilai
1078 1668 1120 1712 ex
1133 1669 1170 1713 eo
1182 1669 1334 1733 apparere

209 1762 345 1846 scriptor
370 1760 516 1843 affirmat,
540 1759 627 1843 quod
650 1761 819 1843 permultis
843 1760 1030 1825 hominibus
1054 1762 1093 1825 de
1116 1781 1175 1825 sua
1197 1764 1335 1846 pecunia

210 1878 252 1940 sit
273 1877 415 1960 largitus.
438 1875 520 1939 Tum
545 1876 591 1940 sic
612 1876 732 1959 pergit:
757 1871 812 1954 ὅτῳ
834 1873 865 1937 δὲ
889 1873 943 1946 ἡδὺ
966 1872 1007 1938 να
1030 1873 1121 1938 αὑτοῦ
1145 1874 1261 1948 διδόναι,
1285 1875 1333 1938 ἐντ’

210 1988 339 2070 ὠφελείᾳ
369 1987 530 2065 ἀνθρώπων,
564 1990 625 2058 πῶς
656 1986 692 2050 ἂν
722 1981 802 2059 οὗτος
825 1985 912 2051 ἐθέλον
935 1985 976 2051 να
998 1985 1141 2068 ἀλλότρια
1164 1987 1335 2068 ἀποστερεῖν

209 2100 269 2184 ἐφ’
298 2095 318 2182 ᾧ
342 2097 498 2174 κακόδοξος
521 2093 608 2174 alvan

253 2216 311 2299 IV,
346 2217 376 2278 4.
406 2214 575 2298 Homines,
605 2216 661 2298 qui
691 2215 730 2278 ab
753 2216 794 2278 iis
817 2218 1011 2298 aeceperunt
1033 2214 1195 2298 beneficia,
1219 2218 1276 2300 qui
1300 2235 1337 2280 ea

210 2349 276 2394 non
298 2330 382 2394 lueri
406 2349 461 2413 spe
484 2349 591 2414 neque
615 2335 651 2394 ut
674 2335 785 2414 postea
809 2329 872 2394 sibi
885 2329 1039 2394 reddatur
1048 2331 1160 2413 gratia,
1172 2331 1229 2394 sed
1241 2350 1335 2396 verae

212 2447 421 2529 sinceraeque
455 2445 612 2509 amicitiae
643 2463 742 2509 sensu
762 2444 904 2520 ¹adducti
926 2443 1092 2527 dederunt,
1115 2444 1331 2529 appellantur:

211 2559 236 2623 oi
259 2564 405 2640 προῖκα
427 2551 459 2622 εὖ
483 2555 666 2622 amoveas.

255 2672 296 2736 ib.
321 2672 433 2757 Ipsum
464 2677 572 2736 autem
603 2672 794 2736 beneficium
826 2693 845 2736 a
873 2672 992 2738 talibus
1015 2672 1202 2736 hominibus
1226 2673 1336 2737 datum

211 2789 345 2850 vocatur
366 2783 603 2865 παρακαταθήκη
622 2781 754 2864 χάριτος,
776 2787 898 2869 quique
916 2790 1110 2868 aeceperunt
1130 2785 1218 2849 illam
1240 2807 1337 2865 παρα-

212 2897 383 2972 καταθήκην
405 2895 570 2979 moldurae
594 2898 756 2963 dicuntur.

256 3013 297 3096 V,
321 3014 352 3076 2.
377 3012 564 3097 siguificare
597 3013 667 3077 vult
702 3015 839 3096 scriptor
869 3018 1067 3097 quantopere
1085 3011 1161 3076 sibi
1182 3014 1340 3096 imperare

213 3129 354 3211 potuerit
384 3126 556 3210 Agesilaus
580 3131 613 3190 et
636 3146 732 3210 quam
757 3126 895 3210 simplici
918 3127 1006 3189 victu
1030 3130 1202 3190 contentus
1225 3124 1338 3206 fuerit3

214 3239 271 3304 sed
303 3239 338 3302 in
374 3239 542 3303 scribendo
572 3239 801 3323 laudandoque
832 3239 962 3302 modum
990 3243 1097 3302 tenere
1121 3239 1232 3302 nescit.
1255 3237 1339 3302 Nam

213 3357 382 3435 postquam
414 3352 513 3415 dixit:
545 3351 577 3415 οὐ
609 3349 668 3427 μὴν
693 3347 771 3430 ὕπνῳ
795 3373 832 3427 γε
858 3347 985 3430 δεσπότῃ
1009 3349 1080 3413 ἀλλ’
1105 3348 1261 3430 ἀρχομένῳ
1285 3349 1341 3414 ὑπὸ

215 3467 271 3528 τῶν
305 3460 436 3544 πράξεων
470 3466 576 3545 ἐχρῆτο
610 3465 709 3548 (quod
744 3465 821 3528 satis
855 3464 1015 3548 eleganter
1045 3466 1248 3528 enuntiatum
1273 3469 1341 3547 est),

214 3578 351 3643 ridicula
369 3581 431 3643 ista
448 3579 551 3643 addit:
564 3578 614 3642 aul
626 3575 709 3650 εὐνήν
722 3601 758 3655 γε
770 3577 793 3641 εἱ
806 3576 849 3653 μὴ
862 3581 918 3640 τῶν
930 3574 1069 3641 συνόντων
1081 3577 1316 3656 Φανλντατν
1327 3601 1341 3641 ν

214 3691 279 3771 ἔχον
310 3690 546 3769 αἰδούμενος
576 3692 627 3756 οὐκ
658 3683 834 3763 athanasia,
859 3696 891 3756 et
914 3693 960 3756 sic
983 3693 1086 3754 risum
1111 3695 1217 3755 movet
1239 3693 1341 3775 magis

217 3826 314 3890 quam
340 3805 591 3870 admirationem.

261 3919 302 4002 V,
327 3920 354 3982 7.
380 3917 507 3994 Quanta
530 3918 627 3982 fuerit
649 3919 684 3980 in
705 3936 739 3981 re
758 3918 913 3981 amatoria
932 3916 1104 4000 Agesilaus
1123 3919 1342 4002 temperantia,

215 4034 262 4095 ita
284 4032 377 4096 docet
399 4031 543 4116 scriptor,
568 4035 605 4094 ut
627 4030 712 4094 dicat
735 4031 897 4094 neminem
916 4049 1061 4112 unquam
1082 4028 1133 4093 vel
1151 4030 1271 4094 vidisse
1291 4031 1343 4095 vel

216 4165 365 4211 narrasse
377 4145 429 4210 vel
442 4146 641 4228 suspicatum
654 4163 733 4226 esse,
745 4145 942 4226 cuiusquam
954 4142 1141 4225 Agesilaum
1155 4142 1341 4206 insidiatum

217 4279 288 4325 esse
310 4259 499 4344 pudicitiae:
528 4257 630 4340 „Nam
656 4260 780 4342 quoties
800 4256 994 4341 reipublicae
1013 4275 1111 4320 causa
1131 4256 1247 4338 aberat,
1260 4276 1343 4320 nun-

221 4393 319 4458 quam
342 4373 430 4457 apud
451 4374 612 4458 privatum
635 4373 791 4456 hospitem
804 4370 1040 4454 deversabatur,
1052 4370 1108 4434 sed
1120 4371 1222 4434 autin
1235 4370 1343 4453 aliquo
