3348 5262
794 636 858 699 237

266 821 401 897 σκῶμμα
432 819 472 884 ad
504 819 620 885 Galliae
651 821 771 885 dictum
803 812 1004 886 referendum
1033 841 1102 888 esse
1125 822 1305 906 censebant,
1328 825 1385 908 qui

268 951 342 1016 erge
376 933 431 997 diu
464 933 646 1018 frustraque
681 935 917 1018 quaesiverunt,
949 936 1022 1018 quis
1053 935 1177 999 tandem
1202 937 1292 1000 iocus
1315 938 1385 1000 eius

267 1045 373 1110 verbis
402 1047 531 1130 inesset,
563 1066 754 1131 operamque
786 1048 949 1130 dederunt,
973 1053 1009 1112 ut
1040 1067 1234 1132 quocunque
1257 1049 1384 1113 tandem

266 1161 360 1224 modo
394 1181 437 1227 ex
469 1162 510 1226 iis
541 1162 662 1245 aliquid
693 1168 928 1246 extorquerent,
958 1163 1045 1246 quod
1073 1162 1257 1239 σκώμματος
1282 1163 1385 1227 simile

266 1279 357 1339 esset.
379 1274 429 1338 Ita
451 1274 608 1360 Langium
631 1281 761 1360 putasse
784 1280 893 1340 narrat
917 1276 1140 1358 Schneiderus,
1159 1275 1257 1369 verba
1275 1273 1385 1352 στέγης

266 1412 303 1466 γε
336 1390 479 1470 φίονῆσαν
509 1409 582 1453 cum
613 1391 706 1454 vultu
739 1391 973 1456 misericordiae
1004 1396 1269 1474 contemptusque
1291 1389 1385 1474 pleno

265 1502 476 1586 pronunciata
505 1502 613 1568 fuisse.
645 1503 747 1588 Magis
771 1506 867 1568 etiam
889 1504 1061 1568 ridiculum
1087 1508 1144 1586 est,
1168 1504 1254 1587 quod
1277 1505 1385 1568 nescio

267 1617 320 1681 cui
361 1618 395 1680 in
431 1620 569 1681 mentem
604 1619 700 1700 venit,
735 1619 792 1701 qui
825 1593 901 1682 olim
936 1616 1202 1682 Schneiderianae
1237 1617 1385 1682 editionis

266 1730 442 1814 exemplari
477 1750 557 1794 usus
588 1735 644 1813 est,
676 1731 761 1814 quod
790 1749 848 1815 ego
873 1749 961 1794 nunc
984 1729 1101 1809 habe03
1126 1735 1257 1794 annotat
1280 1731 1384 1794 enim:

269 1845 371 1925 ,latet
403 1845 437 1906 in
468 1844 528 1907 hcc
558 1843 721 1920 σκώμματι
752 1843 876 1927 aliquid
899 1842 1078 1908 obscoeni'’.
1102 1843 1168 1907 Alii
1189 1843 1384 1908 vocabulum

265 1960 401 2034 σκῶμμα
423 1958 464 2022 ad
487 1957 626 2041 Philippi
650 1958 734 2021 diota
756 1959 913 2041 pertinere
937 1963 1099 2041 putarunt.
1121 1956 1183 2021 Sed
1203 1975 1308 2040 neque
1321 1958 1385 2020 sin·

265 2071 370 2155 gulari
404 2090 538 2135 numero
571 2070 626 2133 illa
661 2069 832 2153 significari
869 2063 1053 2154 potuerunt,
1084 2089 1190 2154 nequa
1220 2071 1385 2134 interiecto

266 2182 382 2248 Galliae
412 2203 564 2267 responso
597 2183 808 2248 omittendum
840 2188 906 2248 erat
929 2182 1069 2268 Philippi
1093 2203 1218 2248 nomen.
1241 2183 1283 2248 Et
1308 2183 1385 2267 quid

265 2298 393 2362 tandem
429 2296 546 2361 Galliae
575 2299 735 2380 intererat,
765 2302 873 2360 utrum
905 2299 1024 2362 amasio
1056 2317 1115 2362 suo
1139 2317 1268 2362 scurrae
1290 2298 1385 2362 istius

265 2410 327 2474 ioci
357 2410 516 2494 placerent
538 2431 579 2474 an
603 2429 669 2474 ncn
691 2411 876 2494 placerent?
901 2410 1022 2475 Verum
1048 2430 1089 2476 ne
1112 2410 1232 2476 Graece
1255 2411 1383 2494 quidem

266 2524 328 2586 dici
362 2543 455 2607 posse
487 2525 597 2588 credo:
630 2521 661 2587 τί
688 2546 730 2587 σον
761 2524 842 2588 δοκεῖ
869 2524 901 2588 τὸ
924 2527 1058 2602 σκῶμμα
1081 2517 1159 2596 είναν,
1185 2525 1245 2588 hoc
1269 2543 1383 2588 sensu:

266 2638 385 2702 satisne
414 2637 540 2722 lepidus
570 2638 629 2702 tibi
659 2638 712 2702 hio
734 2639 824 2703 iocus
848 2639 982 2703 videtur.
1007 2637 1107 2703 Credo
1132 2658 1206 2723 ergo
1230 2636 1383 2702 verberi

265 2753 399 2829 σκῶμμα
429 2744 499 2815 εἶναι
529 2751 568 2815 ab
597 2753 705 2836 inepto
730 2753 867 2836 quodam
892 2753 1020 2817 homine
1044 2753 1203 2836 adscripta
1226 2771 1305 2834 esse,
1328 2753 1384 2835 qui

266 2884 330 2929 non
365 2865 563 2950 intelligeret,
595 2866 673 2949 quid
705 2865 766 2930 sibi
797 2867 893 2931 vellet
915 2864 945 2929 τί
965 2866 1045 2945 αὐτῷ
1068 2865 1171 2939 δοκοίη,
1197 2872 1228 2931 61
1252 2885 1292 2930 ne
1315 2885 1384 2930 eam

268 2979 397 3061 quidem
428 2981 626 3057 sententiam,
657 3000 754 3063 quam
785 2982 825 3044 iis
857 2979 962 3045 verbis
993 2979 1125 3045 subesse
1148 2979 1228 3044 falso
1250 2983 1385 3064 putaret,

267 3091 348 3157 bene
379 3091 496 3158 Graece
525 3095 691 3158 enuntiare
720 3094 846 3158 valeret.
870 3094 1055 3178 Aspiciabat
1078 3094 1162 3158 enim
1186 3092 1384 3175 Autolycum

268 3206 392 3290 Galliae,
422 3213 458 3272 ut
487 3228 529 3272 ex
559 3211 629 3274 eius
656 3210 749 3274 vultu
779 3215 951 3293 appareret,
983 3209 1061 3293 quid
1085 3210 1115 3273 ei
1138 3209 1175 3272 ds
1196 3207 1386 3272 admittendo

266 3320 410 3402 Philippo
440 3323 610 3406 videretur,
634 3343 800 3408 quumque
830 3343 904 3388 eum
928 3343 993 3388 non
1017 3323 1142 3388 obstare
1166 3324 1385 3405 intellexisset,

173 3494 175 3498 .
267 3435 373 3500 verbis
396 3434 486 3507 είςίτυ
508 3428 554 3499 οὖν
578 3439 678 3502 servis
701 3438 877 3522 imperavit,
901 3442 937 3502 ut
959 3436 1106 3522 Philippo
1127 3439 1246 3501 intrare
1257 3438 1386 3521 permit-

266 3553 377 3614 terent.
399 3547 492 3634 Nam,
515 3551 549 3614 id
572 3552 658 3635 quod
678 3551 828 3627 dicebam,
847 3572 912 3616 non
932 3556 1056 3618 vetasse
1075 3551 1283 3634 Autolycum,
1293 3549 1385 3613 facile

265 3662 326 3727 atat
350 3666 399 3727 τοῦ
422 3662 607 3742 οοωντυμὲνου
629 3666 828 3750 intelligitur.

310 3777 336 3861 I,
373 3778 423 3841 15.
457 3778 599 3844 (tonatur
630 3781 746 3846 iocosis
781 3781 973 3865 quibusdam
1004 3781 1097 3845 dictis
1127 3780 1229 3843 risum
1259 3795 1386 3841 movere

267 3879 412 3957 conuiuis
434 3892 619 3978 Philippus:
643 3894 700 3959 ubi
722 3914 790 3959 rem
814 3916 927 3980 parum
951 3895 1014 3959 sibi
1033 3893 1204 3959 succedere
1224 3893 1386 3978 cognoscit

265 4005 294 4069 ἐν
317 4005 357 4086 τῷ
381 4003 498 4083 μεταξὺ
520 4006 710 4086 παυσάμενος
733 4012 784 4073 τοῦ
804 4006 916 4072 δείπνου
936 4005 1207 4087 συγκαλυψάμενος
1226 4005 1383 4072 κατέκειτο.

265 4120 345 4184 Tum
380 4119 510 4186 Callias:
546 4120 577 4184 τί
608 4126 693 4186 τοῦτο
727 4115 747 4185 ὦ
779 4120 925 4196 Φίλεππες
958 4120 1029 4185 ἀλλ’
1058 4119 1074 4195 ἢ
1099 4119 1181 4194 ὀδύνη
1205 4144 1239 4184 σε
1261 4116 1381 4201 εἴληφες

266 4233 345 4300 Post
366 4257 399 4298 σε
420 4235 627 4300 inserendum
650 4255 720 4302 esse
744 4235 838 4300 credo
861 4254 1035 4319 pronomen
1058 4234 1260 4300 indefinitum
1283 4255 1339 4312 τις.

311 4348 413 4433 Caput
445 4349 487 4433 Π,
523 4348 572 4412 10.
607 4348 749 4434 Rogatus
782 4349 821 4414 ab
852 4350 1058 4414 Antisthene:
1093 4349 1234 4432 ,quidni
1257 4350 1377 4432 etipse
