<?xml version="1.0" encoding="UTF-8"?>
<!DOCTYPE html PUBLIC "-//W3C//DTD XHTML 1.0 Transitional//EN"
    "http://www.w3.org/TR/xhtml1/DTD/xhtml1-transitional.dtd">
<html xmlns="http://www.w3.org/1999/xhtml" xml:lang="en" lang="en">
 <head>
  <title>
</title>
<meta http-equiv="Content-Type" content="text/html;charset=utf-8" />
  <meta name='ocr-system' content='tesseract 3.04.00' />
  <meta name='ocr-capabilities' content='ocr_page ocr_carea ocr_par ocr_line ocrx_word'/>
</head>
<body>
  <div class='ocr_page' id='page_1' title='image "./analectaxenopho00hartgoog_0403.png"; bbox 0 0 3330 5262; ppageno 0'>
   <div class='ocr_carea' id='block_1_1' title="bbox 894 641 957 704">
    <p class='ocr_par' dir='ltr' id='par_1_1' title="bbox 894 641 957 704">
     <span class='ocr_line' id='line_1_1' title="bbox 894 641 957 704; baseline 0 0"><span class='ocrx_word' id='word_1_1' title='bbox 894 641 957 704; x_wconf 82' lang='lat'>388</span> 
     </span>
    </p>
   </div>
   <div class='ocr_carea' id='block_1_2' title="bbox 301 823 1488 2842">
    <p class='ocr_par' dir='ltr' id='par_1_2' title="bbox 363 823 1483 1138">
     <span class='ocr_line' id='line_1_2' title="bbox 364 823 1482 912; baseline -0.003 -21"><span class='ocrx_word' id='word_1_2' title='bbox 364 828 441 911; x_wconf 87' lang='lat' dir='ltr'>tani,</span> <span class='ocrx_word' id='word_1_3' title='bbox 464 831 500 891; x_wconf 92' lang='lat' dir='ltr'>ut</span> <span class='ocrx_word' id='word_1_4' title='bbox 522 831 631 912; x_wconf 88' lang='lat' dir='ltr'>postea</span> <span class='ocrx_word' id='word_1_5' title='bbox 654 843 713 888; x_wconf 91' lang='lat' dir='ltr'>nos</span> <span class='ocrx_word' id='word_1_6' title='bbox 736 827 769 888; x_wconf 92' lang='lat' dir='ltr'>in</span> <span class='ocrx_word' id='word_1_7' title='bbox 793 825 909 888; x_wconf 85' lang='lat' dir='ltr'>vestris</span> <span class='ocrx_word' id='word_1_8' title='bbox 931 824 1081 908; x_wconf 83' lang='lat' dir='ltr'>periculis</span> <span class='ocrx_word' id='word_1_9' title='bbox 1103 823 1212 896; x_wconf 86' lang='lat' dir='ltr'>fideles</span> <span class='ocrx_word' id='word_1_10' title='bbox 1234 829 1406 908; x_wconf 80' lang='lat' dir='ltr'><strong>gratosque</strong></span> <span class='ocrx_word' id='word_1_11' title='bbox 1429 824 1482 888; x_wconf 88' lang='lat' dir='ltr'>ha-</span> 
     </span>
     <span class='ocr_line' id='line_1_3' title="bbox 363 936 1483 1022; baseline -0.004 -18"><span class='ocrx_word' id='word_1_12' title='bbox 363 939 479 1005; x_wconf 89' lang='lat' dir='ltr'>beretis</span> <span class='ocrx_word' id='word_1_13' title='bbox 511 939 622 1003; x_wconf 89' lang='lat' dir='ltr'>socios.</span> <span class='ocrx_word' id='word_1_14' title='bbox 652 936 749 1001; x_wconf 88' lang='lat' dir='ltr'>Nunc</span> <span class='ocrx_word' id='word_1_15' title='bbox 781 942 909 1022; x_wconf 90' lang='lat' dir='ltr'>tempus</span> <span class='ocrx_word' id='word_1_16' title='bbox 933 936 1030 1018; x_wconf 89' lang='lat' dir='ltr'>adest,</span> <span class='ocrx_word' id='word_1_17' title='bbox 1054 956 1118 1021; x_wconf 90' lang='lat' dir='ltr'>quo</span> <span class='ocrx_word' id='word_1_18' title='bbox 1141 937 1358 1002; x_wconf 89' lang='lat' dir='ltr'>demonstrare</span> <span class='ocrx_word' id='word_1_19' title='bbox 1381 939 1483 1021; x_wconf 89' lang='lat' dir='ltr'>possi·</span> 
     </span>
     <span class='ocr_line' id='line_1_4' title="bbox 363 1048 1145 1138; baseline -0.009 -20"><span class='ocrx_word' id='word_1_20' title='bbox 363 1075 447 1137; x_wconf 89' lang='lat' dir='ltr'>mus,</span> <span class='ocrx_word' id='word_1_21' title='bbox 470 1052 610 1138; x_wconf 87' lang='lat' dir='ltr'>prudeus</span> <span class='ocrx_word' id='word_1_22' title='bbox 634 1051 721 1116; x_wconf 90' lang='lat' dir='ltr'>istud</span> <span class='ocrx_word' id='word_1_23' title='bbox 743 1050 844 1114; x_wconf 88' lang='lat' dir='ltr'>fuisse</span> <span class='ocrx_word' id='word_1_24' title='bbox 868 1048 1068 1114; x_wconf 88' lang='lat' dir='ltr'>consilium.&#39;’</span> <span class='ocrx_word' id='word_1_25' title='bbox 1142 1049 1145 1055; x_wconf 84' lang='grc'><strong>’</strong></span> 
     </span>
    </p>

    <p class='ocr_par' dir='ltr' id='par_1_3' title="bbox 301 1164 1486 2153">
     <span class='ocr_line' id='line_1_5' title="bbox 411 1164 1485 1254; baseline -0.005 -22"><span class='ocrx_word' id='word_1_26' title='bbox 411 1168 513 1254; x_wconf 82' lang='lat' dir='ltr'>Caput</span> <span class='ocrx_word' id='word_1_27' title='bbox 541 1166 599 1248; x_wconf 87' lang='lat' dir='ltr'>IV,</span> <span class='ocrx_word' id='word_1_28' title='bbox 630 1168 658 1229; x_wconf 92' lang='lat'>3.</span> <span class='ocrx_word' id='word_1_29' title='bbox 686 1164 886 1230; x_wconf 80' lang='lat' dir='ltr'>Cleombroto</span> <span class='ocrx_word' id='word_1_30' title='bbox 911 1166 1038 1248; x_wconf 82' lang='lat' dir='ltr'>roganti</span> <span class='ocrx_word' id='word_1_31' title='bbox 1062 1183 1119 1249; x_wconf 91' lang='lat' dir='ltr'>per</span> <span class='ocrx_word' id='word_1_32' title='bbox 1143 1165 1318 1248; x_wconf 88' lang='lat' dir='ltr'>epistolam,</span> <span class='ocrx_word' id='word_1_33' title='bbox 1342 1164 1419 1249; x_wconf 92' lang='lat' dir='ltr'>quid</span> <span class='ocrx_word' id='word_1_34' title='bbox 1444 1166 1485 1229; x_wconf 91' lang='lat' dir='ltr'>sit</span> 
     </span>
     <span class='ocr_line' id='line_1_6' title="bbox 365 1277 1484 1367; baseline -0.006 -20"><span class='ocrx_word' id='word_1_35' title='bbox 365 1282 536 1367; x_wconf 86' lang='lat' dir='ltr'>agendum,</span> <span class='ocrx_word' id='word_1_36' title='bbox 564 1285 671 1345; x_wconf 88' lang='lat' dir='ltr'>utrum</span> <span class='ocrx_word' id='word_1_37' title='bbox 701 1279 912 1343; x_wconf 86' lang='lat' dir='ltr'>dimittendus</span> <span class='ocrx_word' id='word_1_38' title='bbox 936 1280 977 1342; x_wconf 91' lang='lat' dir='ltr'>sit</span> <span class='ocrx_word' id='word_1_39' title='bbox 999 1280 1160 1342; x_wconf 85' lang='lat' dir='ltr'>exercitus</span> <span class='ocrx_word' id='word_1_40' title='bbox 1184 1297 1226 1342; x_wconf 81' lang='lat' dir='ltr'>ex</span> <span class='ocrx_word' id='word_1_41' title='bbox 1248 1280 1335 1362; x_wconf 88' lang='lat' dir='ltr'>pacis</span> <span class='ocrx_word' id='word_1_42' title='bbox 1357 1277 1484 1362; x_wconf 84' lang='lat' dir='ltr'>legibus</span> 
     </span>
     <span class='ocr_line' id='line_1_7' title="bbox 365 1393 1485 1479; baseline -0.004 -19"><span class='ocrx_word' id='word_1_43' title='bbox 365 1415 475 1478; x_wconf 86' lang='lat' dir='ltr'>necue,</span> <span class='ocrx_word' id='word_1_44' title='bbox 505 1393 701 1479; x_wconf 87' lang='lat' dir='ltr'>respondent</span> <span class='ocrx_word' id='word_1_45' title='bbox 731 1393 840 1477; x_wconf 87' lang='lat' dir='ltr'>ephori</span> <span class='ocrx_word' id='word_1_46' title='bbox 870 1413 934 1456; x_wconf 92' lang='lat' dir='ltr'>nou</span> <span class='ocrx_word' id='word_1_47' title='bbox 959 1411 1028 1458; x_wconf 91' lang='lat' dir='ltr'>esse</span> <span class='ocrx_word' id='word_1_48' title='bbox 1052 1393 1276 1456; x_wconf 91' lang='lat' dir='ltr'>dimittendum</span> <span class='ocrx_word' id='word_1_49' title='bbox 1300 1394 1485 1475; x_wconf 86' lang='lat' dir='ltr'>exercitum,</span> 
     </span>
     <span class='ocr_line' id='line_1_8' title="bbox 366 1505 1483 1593; baseline -0.004 -19"><span class='ocrx_word' id='word_1_50' title='bbox 366 1510 421 1574; x_wconf 91' lang='lat' dir='ltr'>sed</span> <span class='ocrx_word' id='word_1_51' title='bbox 451 1511 607 1593; x_wconf 91' lang='lat' dir='ltr'>impetum</span> <span class='ocrx_word' id='word_1_52' title='bbox 634 1526 708 1571; x_wconf 87' lang='lat' dir='ltr'>eum</span> <span class='ocrx_word' id='word_1_53' title='bbox 731 1507 766 1570; x_wconf 89' lang='lat' dir='ltr'>iu</span> <span class='ocrx_word' id='word_1_54' title='bbox 788 1505 955 1570; x_wconf 80' lang='lat' dir='ltr'>Thebanos</span> <span class='ocrx_word' id='word_1_55' title='bbox 977 1505 1079 1570; x_wconf 85' lang='lat' dir='ltr'>facere</span> <span class='ocrx_word' id='word_1_56' title='bbox 1103 1505 1224 1588; x_wconf 89' lang='lat' dir='ltr'>iubent,</span> <span class='ocrx_word' id='word_1_57' title='bbox 1249 1507 1311 1569; x_wconf 86' lang='lat' dir='ltr'>nisi</span> <span class='ocrx_word' id='word_1_58' title='bbox 1334 1505 1483 1570; x_wconf 79' lang='lat' dir='ltr'>Boeotiae</span> 
     </span>
     <span class='ocr_line' id='line_1_9' title="bbox 366 1615 1485 1703; baseline -0.004 -17"><span class='ocrx_word' id='word_1_59' title='bbox 366 1621 463 1687; x_wconf 86' lang='lat' dir='ltr'>urbes</span> <span class='ocrx_word' id='word_1_60' title='bbox 493 1617 670 1698; x_wconf 66' lang='lat' dir='ltr'>abramaeae</span> <span class='ocrx_word' id='word_1_61' title='bbox 699 1639 768 1684; x_wconf 85' lang='lat' dir='ltr'>esse</span> <span class='ocrx_word' id='word_1_62' title='bbox 791 1621 961 1703; x_wconf 86' lang='lat' dir='ltr'>patiantur.</span> <span class='ocrx_word' id='word_1_63' title='bbox 985 1616 1049 1681; x_wconf 77' lang='grc' dir='ltr'><em>ἐπεὶ</em></span> <span class='ocrx_word' id='word_1_64' title='bbox 1073 1618 1104 1682; x_wconf 74' lang='grc' dir='ltr'>δέ</span> <span class='ocrx_word' id='word_1_65' title='bbox 1127 1617 1228 1698; x_wconf 74' lang='grc' dir='ltr'><em>ᾔσθετο</em></span> <span class='ocrx_word' id='word_1_66' title='bbox 1250 1619 1309 1697; x_wconf 79' lang='grc' dir='ltr'>οὐχ</span> <span class='ocrx_word' id='word_1_67' title='bbox 1331 1615 1408 1690; x_wconf 83' lang='grc' dir='ltr'><em>ύπως</em></span> <span class='ocrx_word' id='word_1_68' title='bbox 1431 1617 1485 1690; x_wconf 87' lang='grc' dir='ltr'>τάς</span> 
     </span>
     <span class='ocr_line' id='line_1_10' title="bbox 366 1729 1484 1814; baseline -0.003 -16"><span class='ocrx_word' id='word_1_69' title='bbox 366 1732 463 1806; x_wconf 79' lang='grc' dir='ltr'><em>πόλεις</em></span> <span class='ocrx_word' id='word_1_70' title='bbox 493 1731 647 1814; x_wconf 82' lang='grc' dir='ltr'><em>ἀφιέντας,</em></span> <span class='ocrx_word' id='word_1_71' title='bbox 680 1732 750 1795; x_wconf 75' lang='grc' dir='ltr'><em>ἀλλ’</em></span> <span class='ocrx_word' id='word_1_72' title='bbox 781 1731 845 1796; x_wconf 76' lang='grc' dir='ltr'><em>οὐδὲ</em></span> <span class='ocrx_word' id='word_1_73' title='bbox 875 1732 907 1797; x_wconf 75' lang='grc' dir='ltr'>τὸ</span> <span class='ocrx_word' id='word_1_74' title='bbox 938 1729 1109 1810; x_wconf 85' lang='grc' dir='ltr'><em>στράτενμα</em></span> <span class='ocrx_word' id='word_1_75' title='bbox 1139 1730 1322 1804; x_wconf 72' lang='grc' dir='ltr'>διαλύοντας,</span> <span class='ocrx_word' id='word_1_76' title='bbox 1347 1729 1418 1796; x_wconf 87' lang='grc' dir='ltr'><em>ούτω</em></span> <span class='ocrx_word' id='word_1_77' title='bbox 1451 1730 1484 1802; x_wconf 73' lang='grc' dir='ltr'>δέν</span> 
     </span>
     <span class='ocr_line' id='line_1_11' title="bbox 366 1844 1486 1930; baseline -0.002 -19"><span class='ocrx_word' id='word_1_78' title='bbox 366 1847 433 1927; x_wconf 92' lang='grc' dir='ltr'><em>ἀγει</em></span> <span class='ocrx_word' id='word_1_79' title='bbox 467 1845 520 1921; x_wconf 74' lang='grc' dir='ltr'><em>τέιν</em></span> <span class='ocrx_word' id='word_1_80' title='bbox 553 1844 692 1927; x_wconf 81' lang='grc' dir='ltr'><em>στοατιάν</em></span> <span class='ocrx_word' id='word_1_81' title='bbox 727 1845 766 1919; x_wconf 79' lang='grc' dir='ltr'><em>εἷς</em></span> <span class='ocrx_word' id='word_1_82' title='bbox 796 1845 849 1918; x_wconf 71' lang='grc' dir='ltr'>τὴν</span> <span class='ocrx_word' id='word_1_83' title='bbox 879 1847 1022 1909; x_wconf 74' lang='grc' dir='ltr'><em>Βοιωτίαν.</em></span> <span class='ocrx_word' id='word_1_84' title='bbox 1055 1845 1256 1911; x_wconf 81' lang='lat' dir='ltr'>Miserrimus</span> <span class='ocrx_word' id='word_1_85' title='bbox 1286 1847 1336 1910; x_wconf 84' lang='lat' dir='ltr'>his</span> <span class='ocrx_word' id='word_1_86' title='bbox 1359 1866 1486 1930; x_wconf 91' lang='lat' dir='ltr'>paunus</span> 
     </span>
     <span class='ocr_line' id='line_1_12' title="bbox 301 1957 1486 2045; baseline -0.004 -18"><span class='ocrx_word' id='word_1_87' title='bbox 301 2005 307 2016; x_wconf 84' lang='lat'><em>·</em></span> <span class='ocrx_word' id='word_1_88' title='bbox 367 1965 456 2027; x_wconf 89' lang='lat' dir='ltr'>assui</span> <span class='ocrx_word' id='word_1_89' title='bbox 489 1962 585 2027; x_wconf 90' lang='lat' dir='ltr'>solet:</span> <span class='ocrx_word' id='word_1_90' title='bbox 617 1962 650 2024; x_wconf 89' lang='lat' dir='ltr'>iu</span> <span class='ocrx_word' id='word_1_91' title='bbox 683 1959 845 2025; x_wconf 87' lang='lat' dir='ltr'>codicibus</span> <span class='ocrx_word' id='word_1_92' title='bbox 877 1961 963 2024; x_wconf 88' lang='lat' dir='ltr'>enim</span> <span class='ocrx_word' id='word_1_93' title='bbox 992 1965 1064 2045; x_wconf 91' lang='lat' dir='ltr'>post</span> <span class='ocrx_word' id='word_1_94' title='bbox 1094 1957 1267 2029; x_wconf 79' lang='grc' dir='ltr'><em>διαλύοντας</em></span> <span class='ocrx_word' id='word_1_95' title='bbox 1290 1960 1425 2045; x_wconf 84' lang='lat' dir='ltr'>legitur:</span> <span class='ocrx_word' id='word_1_96' title='bbox 1450 1961 1486 2030; x_wconf 81' lang='grc' dir='ltr'>ὡς</span> 
     </span>
     <span class='ocr_line' id='line_1_13' title="bbox 366 2070 815 2153; baseline -0.009 -13"><span class='ocrx_word' id='word_1_97' title='bbox 366 2072 583 2141; x_wconf 89' lang='grc' dir='ltr'><em>ἀντιτάττοιντο</em></span> <span class='ocrx_word' id='word_1_98' title='bbox 606 2072 675 2153; x_wconf 76' lang='grc' dir='ltr'><em>πρὸς</em></span> <span class='ocrx_word' id='word_1_99' title='bbox 698 2070 815 2143; x_wconf 86' lang='grc' dir='ltr'><em>αύτούς.</em></span> 
     </span>
    </p>

    <p class='ocr_par' dir='ltr' id='par_1_4' title="bbox 367 2185 1488 2842">
     <span class='ocr_line' id='line_1_14' title="bbox 411 2185 1487 2274; baseline -0.004 -21"><span class='ocrx_word' id='word_1_100' title='bbox 411 2190 468 2274; x_wconf 85' lang='lat' dir='ltr'>IV,</span> <span class='ocrx_word' id='word_1_101' title='bbox 502 2190 551 2253; x_wconf 85' lang='lat'>15.</span> <span class='ocrx_word' id='word_1_102' title='bbox 583 2188 661 2253; x_wconf 92' lang='lat' dir='ltr'>Post</span> <span class='ocrx_word' id='word_1_103' title='bbox 691 2207 833 2273; x_wconf 85' lang='lat' dir='ltr'>pugnam</span> <span class='ocrx_word' id='word_1_104' title='bbox 857 2185 1057 2251; x_wconf 86' lang='lat' dir='ltr'>Leuctricam</span> <span class='ocrx_word' id='word_1_105' title='bbox 1079 2187 1271 2271; x_wconf 87' lang='lat' dir='ltr'>polemarchi</span> <span class='ocrx_word' id='word_1_106' title='bbox 1293 2185 1410 2264; x_wconf 79' lang='grc' dir='ltr'><em>ὁρῶντες</em></span> <span class='ocrx_word' id='word_1_107' title='bbox 1434 2186 1487 2265; x_wconf 81' lang='grc' dir='ltr'>μὲν</span> 
     </span>
     <span class='ocr_line' id='line_1_15' title="bbox 368 2297 1488 2380; baseline -0.004 -13"><span class='ocrx_word' id='word_1_108' title='bbox 368 2306 424 2367; x_wconf 92' lang='grc' dir='ltr'>τῶν</span> <span class='ocrx_word' id='word_1_109' title='bbox 452 2300 634 2380; x_wconf 91' lang='grc' dir='ltr'><em>συμπάντων</em></span> <span class='ocrx_word' id='word_1_110' title='bbox 666 2299 904 2378; x_wconf 78' lang='grc' dir='ltr'><em>Λακεδαιμονίων</em></span> <span class='ocrx_word' id='word_1_111' title='bbox 931 2300 1087 2368; x_wconf 74' lang='grc' dir='ltr'><em>τεθνεῶτας</em></span> <span class='ocrx_word' id='word_1_112' title='bbox 1110 2299 1202 2377; x_wconf 83' lang='grc' dir='ltr'><em>ἐγγὺς</em></span> <span class='ocrx_word' id='word_1_113' title='bbox 1225 2299 1349 2379; x_wconf 78' lang='grc' dir='ltr'><em>χιλίους,</em></span> <span class='ocrx_word' id='word_1_114' title='bbox 1372 2297 1488 2380; x_wconf 81' lang='grc' dir='ltr'><em>ὁρῶντες</em></span> 
     </span>
     <span class='ocr_line' id='line_1_16' title="bbox 367 2412 1487 2496; baseline -0.002 -16"><span class='ocrx_word' id='word_1_115' title='bbox 367 2417 398 2480; x_wconf 76' lang='grc' dir='ltr'>δὲ</span> <span class='ocrx_word' id='word_1_116' title='bbox 421 2416 516 2481; x_wconf 79' lang='grc' dir='ltr'><em>αὐτῶν</em></span> <span class='ocrx_word' id='word_1_117' title='bbox 540 2417 746 2496; x_wconf 79' lang='grc' dir='ltr'><em>Σπαρτιατῶν,</em></span> <span class='ocrx_word' id='word_1_118' title='bbox 769 2412 855 2478; x_wconf 85' lang='grc' dir='ltr'><em>ύντων</em></span> <span class='ocrx_word' id='word_1_119' title='bbox 880 2417 935 2478; x_wconf 90' lang='grc' dir='ltr'>τῶν</span> <span class='ocrx_word' id='word_1_120' title='bbox 959 2415 1022 2478; x_wconf 78' lang='grc' dir='ltr'><em>ε’κεῖ</em></span> <span class='ocrx_word' id='word_1_121' title='bbox 1041 2413 1078 2486; x_wconf 86' lang='grc' dir='ltr'>ῶς</span> <span class='ocrx_word' id='word_1_122' title='bbox 1101 2415 1289 2488; x_wconf 80' lang='grc' dir='ltr'><em>ἑπτακοσίων,</em></span> <span class='ocrx_word' id='word_1_123' title='bbox 1313 2415 1487 2488; x_wconf 80' lang='grc' dir='ltr'><em>τεθννκύτας</em></span> 
     </span>
     <span class='ocr_line' id='line_1_17' title="bbox 368 2527 1488 2613; baseline 0.001 -20"><span class='ocrx_word' id='word_1_124' title='bbox 368 2529 431 2611; x_wconf 76' lang='grc' dir='ltr'><em>περὶ</em></span> <span class='ocrx_word' id='word_1_125' title='bbox 463 2528 660 2611; x_wconf 80' lang='grc' dir='ltr'><em>τετρακοσίους</em></span> <span class='ocrx_word' id='word_1_126' title='bbox 692 2529 753 2593; x_wconf 85' lang='grc' dir='ltr'><em>κτέ.</em></span> <span class='ocrx_word' id='word_1_127' title='bbox 786 2527 944 2605; x_wconf 80' lang='lat' dir='ltr'>Quoniam</span> <span class='ocrx_word' id='word_1_128' title='bbox 976 2531 1132 2593; x_wconf 82' lang='lat' dir='ltr'>sententia</span> <span class='ocrx_word' id='word_1_129' title='bbox 1160 2535 1223 2594; x_wconf 90' lang='lat' dir='ltr'>est:</span> <span class='ocrx_word' id='word_1_130' title='bbox 1248 2529 1488 2613; x_wconf 84' lang='lat' dir='ltr'>Spartanorum,</span> 
     </span>
     <span class='ocr_line' id='line_1_18' title="bbox 369 2644 1487 2730; baseline -0.001 -20"><span class='ocrx_word' id='word_1_131' title='bbox 369 2665 506 2730; x_wconf 88' lang='lat' dir='ltr'>quorum</span> <span class='ocrx_word' id='word_1_132' title='bbox 537 2647 603 2709; x_wconf 88' lang='lat' dir='ltr'>illic</span> <span class='ocrx_word' id='word_1_133' title='bbox 634 2645 801 2708; x_wconf 78' lang='lat' dir='ltr'>adfuerant</span> <span class='ocrx_word' id='word_1_134' title='bbox 828 2645 1028 2728; x_wconf 85' lang='lat' dir='ltr'>septingenti,</span> <span class='ocrx_word' id='word_1_135' title='bbox 1052 2644 1202 2708; x_wconf 89' lang='lat' dir='ltr'>cecidisse</span> <span class='ocrx_word' id='word_1_136' title='bbox 1226 2644 1487 2729; x_wconf 83' lang='lat' dir='ltr'>quadringentos,</span> 
     </span>
     <span class='ocr_line' id='line_1_19' title="bbox 369 2757 1330 2842; baseline -0.003 -19"><span class='ocrx_word' id='word_1_137' title='bbox 369 2759 523 2824; x_wconf 86' lang='lat' dir='ltr'>articulus</span> <span class='ocrx_word' id='word_1_138' title='bbox 546 2760 611 2829; x_wconf 86' lang='grc' dir='ltr'><em>τῶν,</em></span> <span class='ocrx_word' id='word_1_139' title='bbox 637 2759 789 2841; x_wconf 89' lang='lat' dir='ltr'>quiante</span> <span class='ocrx_word' id='word_1_140' title='bbox 812 2757 872 2820; x_wconf 79' lang='grc' dir='ltr'><em>ἐκεῖ</em></span> <span class='ocrx_word' id='word_1_141' title='bbox 890 2758 1016 2841; x_wconf 85' lang='lat' dir='ltr'>legitur,</span> <span class='ocrx_word' id='word_1_142' title='bbox 1041 2757 1251 2842; x_wconf 85' lang='lat' dir='ltr'>expellendus</span> <span class='ocrx_word' id='word_1_143' title='bbox 1275 2763 1330 2822; x_wconf 88' lang='lat' dir='ltr'>est.</span> 
     </span>
    </p>
   </div>
   <div class='ocr_carea' id='block_1_3' title="bbox 411 2867 1485 2956">
    <p class='ocr_par' dir='ltr' id='par_1_5' title="bbox 411 2867 1485 2956">
     <span class='ocr_line' id='line_1_20' title="bbox 411 2867 1485 2956; baseline -0.002 -20"><span class='ocrx_word' id='word_1_144' title='bbox 411 2872 469 2956; x_wconf 87' lang='lat' dir='ltr'>IV,</span> <span class='ocrx_word' id='word_1_145' title='bbox 505 2873 554 2936; x_wconf 92' lang='grc'>16,</span> <span class='ocrx_word' id='word_1_146' title='bbox 588 2869 748 2949; x_wconf 85' lang='grc' dir='ltr'><em>γενομένων</em></span> <span class='ocrx_word' id='word_1_147' title='bbox 783 2867 814 2934; x_wconf 78' lang='grc' dir='ltr'>δέ</span> <span class='ocrx_word' id='word_1_148' title='bbox 849 2868 965 2944; x_wconf 89' lang='grc' dir='ltr'><em>τούτων,</em></span> <span class='ocrx_word' id='word_1_149' title='bbox 998 2871 1011 2934; x_wconf 78' lang='grc' dir='ltr'><em>ὂ</em></span> <span class='ocrx_word' id='word_1_150' title='bbox 1041 2871 1096 2949; x_wconf 84' lang='grc' dir='ltr'>μέν</span> <span class='ocrx_word' id='word_1_151' title='bbox 1127 2870 1166 2943; x_wconf 83' lang='grc' dir='ltr'><em>εἷς</em></span> <span class='ocrx_word' id='word_1_152' title='bbox 1196 2870 1248 2943; x_wconf 69' lang='grc' dir='ltr'>τῶν</span> <span class='ocrx_word' id='word_1_153' title='bbox 1272 2871 1485 2949; x_wconf 80' lang='grc' dir='ltr'><em>Λακεδαίμονα</em></span> 
     </span>
    </p>
   </div>
   <div class='ocr_carea' id='block_1_4' title="bbox 368 2982 1486 4434">
    <p class='ocr_par' dir='ltr' id='par_1_6' title="bbox 368 2982 1486 3299">
     <span class='ocr_line' id='line_1_21' title="bbox 368 2982 1485 3064; baseline -0.003 -13"><span class='ocrx_word' id='word_1_154' title='bbox 368 2987 506 3064; x_wconf 91' lang='grc' dir='ltr'><em>ἀγγελῶν</em></span> <span class='ocrx_word' id='word_1_155' title='bbox 536 2985 568 3049; x_wconf 78' lang='grc' dir='ltr'>τὸ</span> <span class='ocrx_word' id='word_1_156' title='bbox 599 2982 690 3055; x_wconf 92' lang='grc' dir='ltr'><em>πάθος</em></span> <span class='ocrx_word' id='word_1_157' title='bbox 712 2984 882 3064; x_wconf 68' lang='grc' dir='ltr'><em>ἀφικνεῖται</em></span> <span class='ocrx_word' id='word_1_158' title='bbox 906 2983 1121 3062; x_wconf 74' lang='grc' dir='ltr'><em>γυμνοπαιδιῶν</em></span> <span class='ocrx_word' id='word_1_159' title='bbox 1144 3007 1177 3048; x_wconf 86' lang='grc' dir='ltr'><em>τε</em></span> <span class='ocrx_word' id='word_1_160' title='bbox 1201 2982 1286 3058; x_wconf 81' lang='grc' dir='ltr'><em>ούσνο</em></span> <span class='ocrx_word' id='word_1_161' title='bbox 1308 2991 1362 3057; x_wconf 77' lang='grc' dir='ltr'>τῆς</span> <span class='ocrx_word' id='word_1_162' title='bbox 1385 2998 1485 3048; x_wconf 89' lang='grc' dir='ltr'><em>τελευ-</em></span> 
     </span>
     <span class='ocr_line' id='line_1_22' title="bbox 368 3096 1486 3183; baseline -0.001 -20"><span class='ocrx_word' id='word_1_163' title='bbox 368 3099 456 3172; x_wconf 85' lang='grc' dir='ltr'><em>ταίας</em></span> <span class='ocrx_word' id='word_1_164' title='bbox 486 3099 548 3165; x_wconf 82' lang='grc' dir='ltr'>κτὲ.</span> <span class='ocrx_word' id='word_1_165' title='bbox 578 3097 696 3163; x_wconf 89' lang='lat' dir='ltr'>Nullus</span> <span class='ocrx_word' id='word_1_166' title='bbox 724 3098 776 3161; x_wconf 90' lang='lat' dir='ltr'>hic</span> <span class='ocrx_word' id='word_1_167' title='bbox 798 3098 888 3162; x_wconf 91' lang='lat' dir='ltr'>locus</span> <span class='ocrx_word' id='word_1_168' title='bbox 912 3102 960 3163; x_wconf 90' lang='lat' dir='ltr'>est</span> <span class='ocrx_word' id='word_1_169' title='bbox 982 3096 1088 3180; x_wconf 70' lang='lat' dir='ltr'>satori</span> <span class='ocrx_word' id='word_1_170' title='bbox 1108 3099 1281 3182; x_wconf 79' lang='lat' dir='ltr'>participio,</span> <span class='ocrx_word' id='word_1_171' title='bbox 1305 3097 1388 3183; x_wconf 87' lang='lat' dir='ltr'>Lege</span> <span class='ocrx_word' id='word_1_172' title='bbox 1413 3118 1486 3183; x_wconf 83' lang='lat' dir='ltr'>ergo</span> 
     </span>
     <span class='ocr_line' id='line_1_23' title="bbox 368 3212 775 3299; baseline -0.01 -22"><span class='ocrx_word' id='word_1_173' title='bbox 368 3212 526 3292; x_wconf 89' lang='grc' dir='ltr'><em>ἀγγέλλων</em></span> <span class='ocrx_word' id='word_1_174' title='bbox 548 3233 604 3299; x_wconf 90' lang='lat' dir='ltr'>pro</span> <span class='ocrx_word' id='word_1_175' title='bbox 627 3212 775 3290; x_wconf 87' lang='grc' dir='ltr'><em>ἀγγελῶν.</em></span> 
     </span>
    </p>

    <p class='ocr_par' dir='ltr' id='par_1_7' title="bbox 368 3325 1485 3979">
     <span class='ocr_line' id='line_1_24' title="bbox 412 3325 1484 3411; baseline 0 -21"><span class='ocrx_word' id='word_1_176' title='bbox 412 3328 470 3408; x_wconf 87' lang='lat' dir='ltr'>IV,</span> <span class='ocrx_word' id='word_1_177' title='bbox 495 3330 546 3390; x_wconf 86' lang='lat'>23.</span> <span class='ocrx_word' id='word_1_178' title='bbox 570 3326 665 3391; x_wconf 91' lang='lat' dir='ltr'>Iason</span> <span class='ocrx_word' id='word_1_179' title='bbox 689 3327 849 3391; x_wconf 81' lang='lat' dir='ltr'>Pheraeos</span> <span class='ocrx_word' id='word_1_180' title='bbox 872 3325 1028 3390; x_wconf 83' lang='lat' dir='ltr'>Thebanis</span> <span class='ocrx_word' id='word_1_181' title='bbox 1051 3327 1171 3409; x_wconf 88' lang='lat' dir='ltr'>suadet,</span> <span class='ocrx_word' id='word_1_182' title='bbox 1191 3345 1233 3391; x_wconf 90' lang='lat' dir='ltr'>ne</span> <span class='ocrx_word' id='word_1_183' title='bbox 1252 3326 1425 3411; x_wconf 85' lang='lat' dir='ltr'>Spartanos</span> <span class='ocrx_word' id='word_1_184' title='bbox 1446 3326 1484 3390; x_wconf 89' lang='lat' dir='ltr'>ad</span> 
     </span>
     <span class='ocr_line' id='line_1_25' title="bbox 369 3439 1480 3525; baseline -0.002 -20"><span class='ocrx_word' id='word_1_185' title='bbox 369 3443 512 3505; x_wconf 90' lang='lat' dir='ltr'>omnium</span> <span class='ocrx_word' id='word_1_186' title='bbox 535 3459 643 3504; x_wconf 88' lang='lat' dir='ltr'>rerum</span> <span class='ocrx_word' id='word_1_187' title='bbox 664 3440 914 3525; x_wconf 87' lang='lat' dir='ltr'>desperationem</span> <span class='ocrx_word' id='word_1_188' title='bbox 933 3440 1132 3524; x_wconf 89' lang='lat' dir='ltr'>compellant.</span> <span class='ocrx_word' id='word_1_189' title='bbox 1155 3439 1241 3522; x_wconf 83' lang='lat' dir='ltr'>„Vos</span> <span class='ocrx_word' id='word_1_190' title='bbox 1259 3441 1343 3504; x_wconf 90' lang='lat' dir='ltr'>enim</span> <span class='ocrx_word' id='word_1_191' title='bbox 1357 3439 1480 3524; x_wconf 87' lang='lat' dir='ltr'>etipsi”</span> 
     </span>
     <span class='ocr_line' id='line_1_26' title="bbox 368 3532 1485 3638; baseline 0 -21"><span class='ocrx_word' id='word_1_192' title='bbox 368 3555 475 3638; x_wconf 87' lang='lat' dir='ltr'>inquit</span> <span class='ocrx_word' id='word_1_193' title='bbox 508 3557 669 3637; x_wconf 85' lang='lat' dir='ltr'>„urgente</span> <span class='ocrx_word' id='word_1_194' title='bbox 696 3553 884 3618; x_wconf 86' lang='lat' dir='ltr'>necessitate</span> <span class='ocrx_word' id='word_1_195' title='bbox 904 3554 1034 3619; x_wconf 84' lang='lat' dir='ltr'>vicistis.</span> <span class='ocrx_word' id='word_1_196' title='bbox 1059 3532 1161 3617; x_wconf 78' lang='grc' dir='ltr'><em>οἴεσθαι</em></span> <span class='ocrx_word' id='word_1_197' title='bbox 1184 3545 1230 3617; x_wconf 86' lang='grc' dir='ltr'>ούν</span> <span class='ocrx_word' id='word_1_198' title='bbox 1252 3551 1311 3633; x_wconf 64' lang='grc' dir='ltr'>χρὴ</span> <span class='ocrx_word' id='word_1_199' title='bbox 1335 3553 1485 3617; x_wconf 70' lang='grc' dir='ltr'><em>Λακεδαι·</em></span> 
     </span>
     <span class='ocr_line' id='line_1_27' title="bbox 370 3664 1480 3746; baseline 0.001 -15"><span class='ocrx_word' id='word_1_200' title='bbox 370 3666 481 3744; x_wconf 87' lang='grc' dir='ltr'><em>μονίους</em></span> <span class='ocrx_word' id='word_1_201' title='bbox 501 3664 547 3740; x_wconf 92' lang='grc' dir='ltr'><em>ἀν,</em></span> <span class='ocrx_word' id='word_1_202' title='bbox 568 3666 591 3730; x_wconf 77' lang='grc' dir='ltr'><em>εἰ</em></span> <span class='ocrx_word' id='word_1_203' title='bbox 609 3664 821 3746; x_wconf 62' lang='grc' dir='ltr'><em>ἀναγκάζοιντο</em></span> <span class='ocrx_word' id='word_1_204' title='bbox 833 3664 998 3744; x_wconf 74' lang='grc' dir='ltr'><em>ἐκγενέσθαι</em></span> <span class='ocrx_word' id='word_1_205' title='bbox 1010 3670 1059 3730; x_wconf 82' lang='grc' dir='ltr'>τοῦ</span> <span class='ocrx_word' id='word_1_206' title='bbox 1069 3664 1131 3745; x_wconf 76' lang='grc' dir='ltr'><em>ζῆν,</em></span> <span class='ocrx_word' id='word_1_207' title='bbox 1145 3665 1356 3740; x_wconf 71' lang='grc' dir='ltr'><em>ἀπονοηθέντας</em></span> <span class='ocrx_word' id='word_1_208' title='bbox 1369 3664 1480 3745; x_wconf 80' lang='grc' dir='ltr'><em>διαμεί-</em></span> 
     </span>
     <span class='ocr_line' id='line_1_28' title="bbox 369 3776 1485 3865; baseline -0.001 -21"><span class='ocrx_word' id='word_1_209' title='bbox 369 3781 505 3859; x_wconf 56' lang='lat' dir='ltr'>arceat&amp;</span> <span class='ocrx_word' id='word_1_210' title='bbox 530 3780 631 3844; x_wconf 89' lang='lat' dir='ltr'>Nihili</span> <span class='ocrx_word' id='word_1_211' title='bbox 653 3785 701 3844; x_wconf 86' lang='lat' dir='ltr'>est</span> <span class='ocrx_word' id='word_1_212' title='bbox 723 3776 887 3857; x_wconf 81' lang='grc' dir='ltr'><em>ἐκγενέσθαι</em></span> <span class='ocrx_word' id='word_1_213' title='bbox 910 3784 962 3844; x_wconf 84' lang='grc' dir='ltr'>τοῦ</span> <span class='ocrx_word' id='word_1_214' title='bbox 985 3778 1047 3859; x_wconf 77' lang='grc' dir='ltr'><em>ζῆν,</em></span> <span class='ocrx_word' id='word_1_215' title='bbox 1067 3800 1172 3864; x_wconf 86' lang='lat' dir='ltr'>neque</span> <span class='ocrx_word' id='word_1_216' title='bbox 1191 3785 1297 3846; x_wconf 81' lang='lat' dir='ltr'>tamen</span> <span class='ocrx_word' id='word_1_217' title='bbox 1316 3781 1485 3865; x_wconf 85' lang='lat' dir='ltr'>probabilis</span> 
     </span>
     <span class='ocr_line' id='line_1_29' title="bbox 369 3896 716 3979; baseline -0.003 -20"><span class='ocrx_word' id='word_1_218' title='bbox 369 3896 546 3960; x_wconf 87' lang='lat' dir='ltr'>emendatio</span> <span class='ocrx_word' id='word_1_219' title='bbox 570 3896 716 3979; x_wconf 89' lang='lat' dir='ltr'>suppetit.</span> 
     </span>
    </p>

    <p class='ocr_par' dir='ltr' id='par_1_8' title="bbox 369 4005 1484 4434">
     <span class='ocr_line' id='line_1_30' title="bbox 413 4005 1484 4093; baseline 0 -21"><span class='ocrx_word' id='word_1_220' title='bbox 413 4008 469 4092; x_wconf 86' lang='lat' dir='ltr'>IV,</span> <span class='ocrx_word' id='word_1_221' title='bbox 494 4011 544 4072; x_wconf 82' lang='lat'>24.</span> <span class='ocrx_word' id='word_1_222' title='bbox 567 4008 730 4093; x_wconf 85' lang='lat' dir='ltr'>Spartanis</span> <span class='ocrx_word' id='word_1_223' title='bbox 752 4008 830 4072; x_wconf 85' lang='lat' dir='ltr'>haec</span> <span class='ocrx_word' id='word_1_224' title='bbox 849 4007 977 4072; x_wconf 83' lang='lat' dir='ltr'>suadet:</span> <span class='ocrx_word' id='word_1_225' title='bbox 1002 4006 1025 4071; x_wconf 81' lang='grc' dir='ltr'><em>εἶ</em></span> <span class='ocrx_word' id='word_1_226' title='bbox 1044 4005 1075 4071; x_wconf 77' lang='grc' dir='ltr'>δέ</span> <span class='ocrx_word' id='word_1_227' title='bbox 1095 4006 1281 4073; x_wconf 76' lang='grc' dir='ltr'><em>ἐπιλαθέσθαι</em></span> <span class='ocrx_word' id='word_1_228' title='bbox 1300 4007 1438 4086; x_wconf 81' lang='grc' dir='ltr'><em>βούλεσθε</em></span> <span class='ocrx_word' id='word_1_229' title='bbox 1453 4007 1484 4072; x_wconf 83' lang='grc' dir='ltr'>σθ</span> 
     </span>
     <span class='ocr_line' id='line_1_31' title="bbox 369 4118 1483 4200; baseline 0 -16"><span class='ocrx_word' id='word_1_230' title='bbox 369 4119 562 4199; x_wconf 75' lang='grc' dir='ltr'><em>γεγενημένον</em></span> <span class='ocrx_word' id='word_1_231' title='bbox 585 4121 685 4194; x_wconf 89' lang='grc' dir='ltr'><em>πάθος,</em></span> <span class='ocrx_word' id='word_1_232' title='bbox 708 4118 900 4198; x_wconf 78' lang='grc' dir='ltr'><em>συμβουλεύω</em></span> <span class='ocrx_word' id='word_1_233' title='bbox 923 4118 1165 4194; x_wconf 67' lang='grc' dir='ltr'><em>ἀναπνεύσαντας</em></span> <span class='ocrx_word' id='word_1_234' title='bbox 1190 4121 1242 4186; x_wconf 75' lang='grc' dir='ltr'><em>καὶ</em></span> <span class='ocrx_word' id='word_1_235' title='bbox 1265 4119 1483 4200; x_wconf 88' lang='grc' dir='ltr'><em>ἀναπαυσαμέ-</em></span> 
     </span>
     <span class='ocr_line' id='line_1_32' title="bbox 370 4231 1483 4315; baseline -0.001 -18"><span class='ocrx_word' id='word_1_236' title='bbox 370 4256 432 4306; x_wconf 91' lang='grc' dir='ltr'><em>νους</em></span> <span class='ocrx_word' id='word_1_237' title='bbox 462 4232 512 4297; x_wconf 73' lang='grc' dir='ltr'><em>καὶ</em></span> <span class='ocrx_word' id='word_1_238' title='bbox 543 4233 658 4315; x_wconf 83' lang='grc' dir='ltr'><em>μείζους</em></span> <span class='ocrx_word' id='word_1_239' title='bbox 689 4231 900 4313; x_wconf 75' lang='grc' dir='ltr'><em>γεγενημένους</em></span> <span class='ocrx_word' id='word_1_240' title='bbox 931 4240 991 4306; x_wconf 82' lang='grc' dir='ltr'><em>τοῖς</em></span> <span class='ocrx_word' id='word_1_241' title='bbox 1022 4233 1178 4309; x_wconf 82' lang='grc' dir='ltr'><em>ἀνττύτοις</em></span> <span class='ocrx_word' id='word_1_242' title='bbox 1208 4232 1279 4300; x_wconf 78' lang='grc' dir='ltr'><em>οὕτω</em></span> <span class='ocrx_word' id='word_1_243' title='bbox 1312 4235 1350 4308; x_wconf 80' lang='grc' dir='ltr'><em>εἷς</em></span> <span class='ocrx_word' id='word_1_244' title='bbox 1377 4233 1483 4314; x_wconf 78' lang='grc' dir='ltr'><em>μάχκν</em></span> 
     </span>
     <span class='ocr_line' id='line_1_33' title="bbox 369 4345 1482 4434; baseline -0.001 -22"><span class='ocrx_word' id='word_1_245' title='bbox 369 4346 448 4412; x_wconf 78' lang='grc' dir='ltr'><em>ἱέναι.</em></span> <span class='ocrx_word' id='word_1_246' title='bbox 470 4347 574 4413; x_wconf 89' lang='lat' dir='ltr'>Sensu</span> <span class='ocrx_word' id='word_1_247' title='bbox 592 4369 720 4413; x_wconf 89' lang='lat' dir='ltr'>cassum</span> <span class='ocrx_word' id='word_1_248' title='bbox 739 4353 787 4414; x_wconf 88' lang='lat' dir='ltr'>est</span> <span class='ocrx_word' id='word_1_249' title='bbox 804 4345 998 4421; x_wconf 82' lang='grc' dir='ltr'><em>ἐπιλαθέσθαι,</em></span> <span class='ocrx_word' id='word_1_250' title='bbox 1018 4369 1124 4433; x_wconf 90' lang='lat' dir='ltr'>neque</span> <span class='ocrx_word' id='word_1_251' title='bbox 1144 4350 1283 4414; x_wconf 90' lang='lat' dir='ltr'>multum</span> <span class='ocrx_word' id='word_1_252' title='bbox 1301 4349 1482 4434; x_wconf 89' lang='lat' dir='ltr'>proficimus</span> 
     </span>
    </p>
   </div>
   <div class='ocr_carea' id='block_1_5' title="bbox 0 0 1682 5252">
    <p class='ocr_par' dir='ltr' id='par_1_9' title="bbox 0 0 1682 5252">
     <span class='ocr_line' id='line_1_34' title="bbox 0 0 1682 5252; baseline 0 0"><span class='ocrx_word' id='word_1_253' title='bbox 0 0 1682 5252; x_wconf 95' lang='lat' dir='ltr'> </span> 
     </span>
    </p>
   </div>
  </div>
 </body>
</html>
