3352 5260
860 603 924 666 158

326 787 481 869 Φαίνηται,
515 787 641 869 τοσοιίτιρ
676 791 793 866 μοῖλλον
825 789 942 852 ἐπαινεῖ
968 787 1018 853 τόν
1041 786 1170 870 πρότερον
1180 788 1212 864 ;’'
1236 787 1335 854 Haud
1358 788 1456 854 dubie

329 903 416 968 deest
442 904 647 987 participium
669 899 832 980 γενόμενος,
856 903 954 986 idque
976 907 1047 986 post
1069 901 1214 983 φαίνηται
1236 902 1451 968 inserendum.

373 1017 425 1080 43.
455 1014 507 1080 ε’όιν
537 1014 568 1079 δὲ
598 1015 642 1094 μη
673 1016 705 1080 τό
736 1016 856 1090 πλῆθος,
881 1015 952 1079 οῖλνί
978 1011 1068 1096 ὥςπερ
1090 1011 1160 1079 ὥπου
1183 1014 1343 1096 ὀλιγαρχία
1366 1013 1454 1089 ἐστίν,

254 1218 256 1225 Ι
328 1127 418 1207 όλίγοι
452 1128 634 1202 συνελθόντες
669 1127 820 1210 γροίψυσιν
854 1127 878 1202 ό,
913 1152 942 1193 τι
971 1128 1030 1210 χρη
1061 1137 1161 1203 ποιεῖν,
1193 1133 1295 1194 ταῦτα
1325 1129 1356 1194 τί
1376 1131 1454 1204 ἐστις

328 1243 435 1308 Verba
457 1240 546 1324 ὥςπερ
569 1241 639 1308 όπου
662 1242 823 1324 ὀλιγαρχίαι
842 1242 921 1308 ἐστίν
942 1261 960 1309 e
980 1246 1123 1329 margine
1143 1245 1178 1308 in
1191 1248 1317 1309 textum
1328 1245 1456 1310 venisse

330 1357 460 1441 opinor;
487 1359 583 1422 nimis
607 1359 693 1422 enim
717 1357 855 1423 absurde
877 1357 929 1422 hic
952 1359 1055 1441 posita
1076 1363 1124 1422 est
1146 1359 1329 1422 coniunctio
1354 1353 1453 1438 ὥςπερ.

373 1473 425 1534 48.
447 1469 533 1534 arua
557 1470 662 1552 Κρίτων
686 1493 719 1534 τε
743 1468 914 1552 Συκροίτους
936 1469 1080 1548 όμιλητῖις
1103 1465 1208 1545 ἦνκαὶ
1231 1474 1382 1552 Χαιρεφῶν
1404 1468 1456 1534 καί

330 1581 525 1664 Χαιρεκράτης
547 1582 599 1647 καί
623 1582 802 1664 Ἑρμογένης
824 1580 877 1648 καῖ
898 1583 1008 1661 Σιμίας
1027 1581 1080 1648 καῖ
1101 1581 1201 1661 Κέβης
1221 1582 1271 1648 καῖ
1284 1583 1453 1657 Φαιδῶνδης

330 1696 383 1762 καῖ
406 1694 491 1762 ἄλλοι
513 1693 537 1761 οῖ
560 1697 653 1778 ἐκείνῳ
676 1703 815 1771 συνῆσαν,
839 1698 898 1777 οὐχ
920 1693 966 1761 ῖνα
990 1697 1052 1763 ari.
1076 1698 1259 1763 Pronomen
1282 1699 1452 1764 relativum

329 1812 477 1895 ineptum
501 1813 536 1875 in
559 1812 689 1876 modum
714 1813 904 1877 sententiam
924 1810 1105 1896 perturbat:
1126 1831 1258 1897 prorsus
1271 1811 1454 1878 enimidem

331 1929 378 1990 est
408 1921 551 2001 iurantia
584 1917 654 1988 εἶναι
678 1929 866 1989 storacium.
893 1923 1092 2010 Quapropter
1114 1944 1170 2010 pro
1193 1922 1278 1988 ἄλλοι
1300 1920 1324 1988 οῖ
1346 1925 1454 2009 legen·

331 2037 408 2103 dum
433 2044 481 2102 est
503 2035 588 2102 ὥλνιοι
612 2036 654 2104 δὲ.

377 2152 427 2215 53.
451 2157 505 2224 τοῖς
529 2156 634 2231 ψυχῆς
657 2145 826 2226 ἐξελθούσης
848 2188 889 2198 -
910 2151 942 2215 τό
961 2154 1051 2228 σῶμα
1062 2153 1113 2215 τοῦ
1125 2149 1296 2215 οῖιιειοτότου
1308 2148 1454 2231 οῖνόρῶπου

330 2264 384 2339 την
426 2264 577 2345 ταχίστην
612 2262 810 2344 ἐξενεγκόντες
844 2263 1046 2346 οῖφανίζουσιν.
1080 2265 1195 2331 Risum
1228 2269 1336 2329 movet
1368 2265 1457 2329 istud

331 2379 493 2462 όνίρῶπουε
520 2382 594 2464 quis
618 2382 703 2446 enim
728 2399 872 2464 unquam
896 2378 909 2444 ό
932 2377 1104 2450 οἰκειότατος
1126 2375 1270 2460 ὥνθρωπος
1293 2379 1376 2442 dixit
1398 2398 1456 2462 pro

332 2495 468 2580 simplici
491 2493 504 2559 ό
527 2491 710 2566 οἰκειότατος,
734 2494 786 2558 rel
805 2492 829 2557 οῖ
847 2499 1002 2570 συγγενεῖς
1021 2491 1157 2575 ὥνίροιποι
1169 2512 1226 2578 pro
1238 2489 1262 2556 οῖ
1272 2493 1454 2570 συγγενεῖςῖ

332 2609 475 2691 Accedit,
512 2609 599 2693 quod
634 2610 800 2690 sententia,
832 2627 928 2691 quam
960 2609 1066 2691 citavi,
1086 2607 1231 2673 subiecto
1262 2611 1362 2672 caret:
1386 2625 1452 2670 uon

332 2725 417 2788 enim
448 2723 482 2787 id
513 2741 531 2786 e
561 2721 824 2806 praecedentibus
856 2723 922 2806 peti
943 2726 1054 2806 potest.
1078 2719 1276 2797 Quantocius
1299 2740 1374 2805 ergo
1398 2740 1456 2805 pro

332 2834 477 2916 οῖνόρῶπου
500 2835 603 2900 scribe
626 2833 773 2916 ὥνθρωποι.

376 2948 478 3012 Nihili
511 2953 568 3032 est,
603 2948 689 3032 quod
725 2948 744 3029 5
775 2948 817 3012 63
848 2948 966 3032 legitur
995 2945 1125 3025 πολέμου
1148 2949 1246 3018 κοινοῖς
1269 2944 1454 3027 συμβάντος,

333 3062 624 3146 corrigendumque
657 3058 837 3138 οῖποβοίντος,
865 3081 939 3125 nam
970 3063 997 3126 si
1027 3060 1232 3126 bellicositas
1263 3063 1363 3127 tristis
1384 3061 1455 3145 fuit,

334 3196 445 3242 omnes
468 3177 573 3241 odisse
597 3195 671 3240 eum
695 3175 805 3252 solent,
833 3177 891 3260 qui
914 3175 988 3240 belli
1011 3181 1123 3240 auctor
1145 3176 1276 3240 exstitit.

379 3288 562 3374 Capuam,
588 3290 613 3351 1.
639 3288 700 3359 Ὡς
724 3287 754 3352 δὲ
778 3286 812 3360 δη
836 3286 889 3352 καί
910 3289 1032 3370 ὠφελεῖν
1051 3285 1140 3353 ἐδόκει
1159 3310 1210 3367 μοι
1228 3287 1296 3361 τοὺς
1306 3284 1455 3363 ξυνόντας,

333 3401 374 3467 τόι
403 3403 457 3480 μὲν
471 3449 567 3475 .....
601 3402 641 3466 τόο
672 3402 703 3467 δὲ
715 3449 811 3477 .....
836 3401 944 3467 τούτων
968 3402 1003 3476 δίο
1026 3402 1131 3484 rodda
1155 3401 1249 3469 όπόσα
1271 3402 1308 3468 ὥν
1331 3402 1457 3482 διαμνη-

334 3514 473 3595 μονεύσω.
503 3515 685 3580 Sententiae
715 3521 877 3581 strumum
899 3521 968 3581 tum
993 3517 1122 3581 demum
1149 3523 1223 3602 apta
1245 3522 1277 3582 et
1300 3519 1458 3583 concinna

335 3632 402 3714 erit,
425 3632 450 3695 si
474 3650 532 3715 pro
555 3631 658 3714 primo
682 3630 837 3694 vocabulo
860 3631 898 3702 ὥς
919 3631 1063 3716 legemus
1086 3624 1143 3703 οίςι
1167 3650 1204 3696 eo
1229 3633 1315 3697 enim
1339 3651 1456 3716 prono-

335 3765 408 3812 men
431 3746 716 3810 demonstrativum
739 3742 847 3808 τούτου
872 3746 933 3810 erit
954 3744 1165 3811 referendum.

380 3860 408 3923 6.
443 3857 456 3923 ό
490 3865 552 3931 τοῖς
582 3857 729 3931 πλείστοις
760 3855 976 3937 ἐργωδέστατόν
999 3858 1085 3932 ἐστιν,
1111 3855 1182 3931 ὥςτε
1204 3854 1398 3940 φυλάξασθαι
1423 3861 1456 3925 τὸ

336 3972 404 4053 ὑπὲρ
433 3972 481 4037 τόν
511 3972 605 4053 καιρόν
627 3971 870 4049 ἐμπίμπλασόαι.
894 3971 1057 4037 Partionla
1080 3967 1151 4044 ὥςτε
1174 3974 1254 4056 quin
1276 3975 1392 4038 vitiosa
1414 3975 1457 4038 s't

335 4107 401 4153 non
424 4086 544 4169 dubito,
567 4105 672 4169 neque
696 4091 802 4150 tamen
826 4104 936 4150 veram
959 4086 1127 4152 lectionem
1150 4087 1289 4170 reperire
1311 4088 1411 4171 potui.

383 4202 410 4265 7.
434 4201 482 4265 τόν
505 4200 537 4265 δὲ
559 4197 710 4264 Ὀδυσσέα
734 4198 844 4279 Ἐρμοῖι
868 4222 901 4262 τε
924 4198 1125 4280 ὑποίημοσιίνη
1148 4197 1197 4263 καῖ
1221 4199 1310 4264 αὐτόν
1328 4199 1457 4280 ἐγκρατῆ

336 4312 406 4380 όντα
425 4313 479 4381 ιιαῖ
504 4309 711 4392 ἀποσχόμενον
734 4313 768 4377 τό
790 4311 859 4394 ὑπὲρ
879 4312 929 4377 τόν
951 4313 1045 4394 καιρὸν
1068 4317 1124 4377 τῶν
1147 4311 1279 4378 τοιούτων
1301 4310 1457 4388 ὥπτεσόαι,
