3352 5260
752 646 793 717 99

206 837 427 918 Τισσαφέρνους
461 836 513 902 καὶ
547 842 604 902 σῶν
635 835 794 918 βαρβαρων
826 838 973 916 πολεμίων
1004 837 1099 913 aaa,
1125 841 1181 905 scd
1205 845 1338 907 mutata

206 959 382 1017 structura:
408 950 630 1032 Τισσαφέρνους
655 950 751 1015 δὲ...
766 952 945 1029 ,πολεμίων
969 952 1042 1030 ἡμῖν
1067 951 1163 1020 ὄντων.

250 1066 292 1148 Π,
324 1068 351 1129 5.
384 1063 580 1130 Ἀσοσλέοντι
613 1065 644 1128 δὲ
674 1061 874 1144 Αναξιβίῳ’
860 1089 893 1130 εκ
915 1064 1073 1146 Βυζαντίον
1098 1072 1227 1150 σννανσρῖ
1250 1068 1330 1149 ’-Αρι

206 1198 337 1258 σσαρχοο
360 1179 389 1241 ἕν
413 1177 525 1258 Κυζίκῳ
545 1175 682 1256 διοίδοχος
704 1176 866 1258 Κλέανδριρ.
888 1177 1007 1256 ἐλέγετο
1020 1176 1080 1242 BN
1063 1202 1105 1243 οτι
1117 1177 1168 1243 κα)
1182 1178 1331 1261 ναύαρχοι

205 1289 343 1371 διάδοχος
367 1295 468 1363 Πῶλος
492 1289 554 1354 ὅσον
578 1293 609 1355 οὐ
634 1290 737 1371 σαρείν
761 1289 815 1364 ἤδη
837 1291 876 1363 είς
899 1291 1331 1365 Ἑλλήσποντον.Νοηνανινο-

205 1426 271 1470 rem
305 1406 344 1470 de
374 1425 558 1470 successore
588 1425 647 1469 suo
679 1408 960 1490 appropinquante
988 1407 1103 1491 accipit
1127 1407 1330 1490 Anaxibiae:

207 1540 281 1583 nam
305 1522 339 1583 in
364 1520 475 1584 eodem
497 1521 619 1602 itinere,
642 1521 677 1583 in
697 1539 762 1602 quo
782 1521 812 1584 ei
831 1518 956 1583 obviam
969 1526 1101 1585 venerat
1112 1521 1331 1607 Aristarchus,

208 1632 266 1697 ubi
298 1633 429 1696 Parium
463 1651 579 1696 navem
615 1632 754 1716 appellit,
785 1651 848 1696 non
881 1637 972 1696 curat
994 1652 1069 1697 eum
1092 1633 1332 1719 Pharnabazus,

209 1746 327 1830 quippe
359 1747 416 1830 qui
437 1749 518 1809 corto
540 1745 713 1827 οορνιοοονίο
735 1765 810 1809 eum
837 1747 901 1809 iam
925 1766 990 1810 non
1014 1765 1084 1811 esse
1108 1748 1219 1814 classis
1242 1769 1332 1833 prae-

206 1860 333 1925 fectum.
357 1859 440 1923 Puto
462 1861 569 1943 ipsum
588 1859 809 1923 Aristarchum
832 1859 930 1924 huius
949 1862 996 1924 rei
1008 1864 1160 1927 nuntium
1174 1864 1331 1947 attulisse,

207 1979 238 2038 et
270 1974 442 2058 legendum
473 1992 543 2037 esse
573 1969 658 2050 ἔλεγε
688 1972 719 2035 δὲ
748 1969 807 2035 ὅτις
840 1974 908 2056 ipse
940 1972 1095 2038 Cleandro
1120 1995 1330 2042 successurus

207 2090 304 2171 venit,
327 2087 489 2151 Anaxibio
513 2088 612 2151 alium
637 2107 864 2152 successurum
887 2107 957 2152 esse
981 2091 1115 2152 nuntiat.

250 2203 292 2284 H,
315 2204 365 2266 28.
389 2202 560 2266 Praesente
583 2201 700 2266 Seuthe
723 2201 927 2266 Medosadem
952 2222 1080 2267 narrare
1103 2203 1194 2268 iubet
1215 2203 1329 2269 Xeno-

205 2316 301 2400 phon,
326 2316 429 2400 quale,
453 2315 683 2380 chalcedonem
706 2336 806 2400 quum
831 2318 973 2380 venisset
995 2336 1067 2380 cum
1089 2317 1217 2382 Seuthis
1240 2338 1330 2382 man-

207 2430 288 2494 datis
310 2431 551 2514 promissisque,
574 2448 764 2512 responsum
788 2449 807 2492 a
828 2448 862 2492 se
885 2431 1049 2513 acceperit.
1074 2429 1330 2514 „Respondisti”

206 2542 260 2606 ille
284 2544 329 2606 ait
354 2562 447 2624 „non
470 2561 540 2606 csse
564 2561 622 2605 cur
644 2542 701 2606 tibi
724 2542 775 2606 vel
798 2544 948 2626 cuiquam
974 2543 1029 2606 alii
1051 2545 1220 2627 pecuniam
1241 2545 1331 2609 daret

206 2656 357 2720 Seuthes:
394 2656 484 2720 nullo
519 2658 604 2719 enim
640 2657 782 2739 praemio
813 2661 978 2740 acceptet
979 2676 1071 2721 amen
1095 2663 1127 2721 te
1149 2659 1327 2721 exercitum

203 2769 399 2851 Byzantium
441 2771 649 2834 traiecturum
691 2768 791 2833 esse’l
824 2768 949 2853 Rogare
983 2771 1085 2853 pergit
1119 2769 1327 2854 Xenophon:

207 2903 336 2967 ,quum
359 2886 476 2948 iterum
499 2883 678 2965 Selybriam
701 2884 742 2946 ad
766 2901 816 2946 me
839 2885 973 2966 venires,
997 2883 1074 2948 Seut
1061 2885 1194 2967 thisque
1217 2885 1326 2948 verbis

205 3017 224 3060 a
258 3017 309 3062 me
338 3003 469 3082 peteres,
497 3003 534 3061 ut
565 2998 605 3061 ad
627 2998 718 3061 illum
743 2999 851 3081 copias
873 3016 960 3061 meas
985 2998 1145 3080 ducerem,
1168 3000 1246 3082 quid
1269 2999 1327 3063 tibi

204 3110 400 3195 respondi?”
439 3109 606 3193 „Dixisti”
638 3111 682 3174 ait
710 3110 898 3175 Medosades
933 3110 992 3191 ,id
1023 3111 1113 3174 nullo
1138 3112 1233 3175 modo
1256 3112 1327 3176 fieri

203 3246 314 3312 posse:
349 3226 421 3289 αλλ’
455 3225 495 3296 εἷς
530 3223 659 3305 Πέρινθον
692 3223 828 3297 ἐλθόντας
860 3222 1021 3300 διαβαίνειν
1051 3224 1090 3296 είς
1112 3223 1166 3297 τὴν
1189 3225 1328 3291 Ἀσίαν”.

205 3339 325 3404 Graeca
354 3338 460 3422 verba,
483 3358 565 3422 quae
595 3339 700 3420 citavi,
723 3358 789 3402 non
812 3343 949 3422 possunt
974 3357 1045 3402 esse
1067 3331 1133 3402 non
1158 3344 1325 3423 corrupta:

204 3454 285 3516 nihil
308 3453 395 3516 aliud
416 3454 502 3517 enim
524 3451 714 3536 significant,
738 3472 852 3534 quam:
876 3450 908 3515 τὸ
932 3451 971 3521 εἰς
995 3459 1031 3512 Π.
1057 3451 1081 3514 ε’.
1107 3449 1268 3523 διαβαίνειν
1287 3451 1327 3524 είς

203 3564 256 3637 τὴν
285 3564 393 3629 Ἀσίαν
423 3559 476 3629 οἷίν
505 3587 539 3629 τε
561 3558 645 3638 είναι,
669 3565 757 3649 quod
779 3565 960 3630 absurdum
983 3571 1040 3648 est,
1063 3586 1138 3629 nam
1163 3568 1242 3650 quin
1266 3567 1327 3629 hoc

199 3679 273 3760 fieri
290 3683 393 3759 posset
414 3699 480 3743 non
503 3679 668 3744 dubitabat
691 3679 841 3744 Seuthes:
867 3699 948 3763 opus
971 3685 1038 3743 erat
1060 3685 1098 3744 ut
1109 3682 1225 3743 certior
1236 3678 1327 3744 fieret

201 3795 246 3858 ita
265 3791 429 3873 sucturum
450 3813 514 3857 esse
536 3793 792 3877 Xenophontem.
815 3792 983 3856 Excidissc
1010 3793 1169 3856 nonnulla
1192 3798 1280 3876 puto.

246 3907 289 3989 H,
324 3909 375 3970 29.
410 3906 463 3969 Ad
495 3906 576 3970 illud
606 3926 678 3970 cum
710 3906 829 3970 Seuthe
853 3906 1048 3990 colloquium
1073 3907 1233 3990 profectus
1258 3911 1327 3970 erat

201 4017 382 4104 Xenophon
413 4019 615 4102 Polycratem
644 4021 813 4104 lochagum
837 4039 944 4084 secum
969 4021 1090 4084 ducens
1117 4027 1148 4083 et
1173 4039 1190 4083 e
1213 4021 1325 4104 singu·

200 4131 304 4197 lorum
335 4133 529 4217 collegarum
553 4135 652 4217 copiis
675 4153 749 4198 eum
773 4133 915 4214 militem,
939 4134 992 4196 cui
1017 4134 1154 4216 quisque
1179 4135 1321 4198 maxime

199 4246 294 4310 fidem
323 4245 472 4310 habebat:
497 4244 618 4311 Neonis
641 4251 747 4310 tamen
773 4247 910 4309 militum
934 4264 1029 4308 nemo
1054 4265 1128 4309 eum
1151 4246 1322 4311 comitaba—

199 4367 269 4426 tur:
304 4364 334 4426 is
363 4362 450 4425 enim
478 4381 553 4426 cum
584 4363 652 4426 suis
683 4363 783 4446 copiis
806 4366 989 4425 secesserat.
1014 4363 1051 4442 (c.
1073 4360 1115 4444 H,
1141 4361 1202 4443 ll).
1226 4361 1325 4426 Recte
