3352 5260
878 603 940 672 126

343 795 498 879 scriptum
532 812 611 875 esse,
645 797 681 858 ut
715 811 803 857 nunc
835 793 961 877 legitur,
995 811 1162 875 nunquam
1192 792 1463 875 credamusque

340 913 449 972 tamen
482 910 585 971 totum
619 905 827 990 Xenophonti
861 905 1043 970 abiudicare
1078 906 1184 970 velim.
1220 904 1303 968 Nam
1338 911 1462 988 praeter

343 1024 486 1084 contorta
516 1021 578 1083 ista
608 1015 727 1090 adurae
750 1018 782 1082 δὲ
807 1057 848 1064 -
873 1014 1127 1098 προςβοβοὲζοντοις
1157 1019 1240 1082 duae
1262 1022 1388 1081 tantum
1411 1036 1463 1082 res

342 1133 377 1196 in
400 1151 437 1196 eo
460 1133 600 1216 graviter
623 1132 807 1216 displicent:
832 1132 996 1216 inelegans
1021 1132 1167 1215 repetitio
1190 1133 1241 1194 τοῦ
1266 1127 1364 1203 „irae
1388 1127 1462 1206 μέν’

343 1247 396 1328 (17
420 1250 452 1310 et
476 1246 538 1328 19),
561 1250 592 1310 et
613 1246 830 1330 ineptissimae
853 1247 1029 1310 sententiae
1053 1244 1172 1328 quibus
1197 1245 1216 1326 ἓ
1241 1246 1283 1308 23
1303 1244 1465 1308 clauditur

347 1355 468 1442 (notura
496 1357 551 1434 μὲν
573 1350 620 1422 οὖν
645 1395 686 1405 -
710 1355 916 1443 χαρίζεσθαι),
941 1377 1023 1442 quae
1045 1358 1136 1421 nullo
1160 1357 1254 1422 modo
1278 1377 1352 1422 cum
1375 1375 1465 1441 prae-

344 1469 531 1536 cedentibus
562 1471 731 1536 cohaerent
758 1476 790 1535 et
812 1470 1043 1535 absurdissimo
1068 1489 1214 1536 sermone
1238 1474 1316 1534 snut
1335 1489 1466 1553 compo-

345 1584 423 1648 sitae
446 1584 530 1665 (vide
552 1584 581 1648 ἕν
603 1583 644 1661 τῷ
668 1581 725 1662 γάρ
750 1620 792 1630 -
816 1582 935 1664 ἡδοναί).
956 1583 1121 1648 Sententia
1139 1602 1213 1667 ergo
1233 1602 1305 1647 mea
1323 1601 1360 1647 eo
1378 1582 1470 1664 redit,

346 1701 383 1760 ut
413 1697 515 1760 dicam
548 1696 596 1778 ἓξ
632 1696 671 1758 17
701 1701 732 1760 et
759 1696 799 1759 18
822 1716 841 1759 a
863 1716 963 1760 manu
985 1699 1160 1762 recentiore
1183 1715 1253 1760 esse
1275 1700 1470 1778 retractatas,

348 1814 380 1874 et
401 1809 500 1874 verba
522 1805 624 1872 ποὶντοο
647 1807 702 1885 μὲν
726 1800 772 1872 οὖν
796 1847 837 1854 -
860 1807 1031 1890 χοιρῖζεοθοοο
1056 1810 1087 1891 (§
1111 1810 1165 1892 23)
1191 1808 1368 1874 abiicienda
1390 1828 1468 1873 esse.

344 1921 418 1986 Uno
441 1926 548 1986 tumen
571 1922 649 1985 vitio
672 1921 779 1985 locum
802 1926 1006 1987 retractatum
1030 1921 1180 1998 liberabo,
1204 1924 1280 2006 quia
1302 1928 1334 1988 et
1356 1921 1470 1986 absur-

348 2035 516 2099 dissimum
549 2040 598 2100 est
628 2039 660 2100 et
688 2033 780 2100 facile
809 2036 941 2100 tollitur.
971 2035 1157 2120 [egendum
1181 2037 1268 2099 enim
1290 2040 1339 2100 est
1361 2035 1391 2118 (ᾗ
1416 2035 1469 2116 17)

346 2165 412 2210 non
435 2143 452 2219 ἢ
477 2150 638 2229 σωφρονεῖν,
661 2146 717 2210 sed
740 2143 756 2219 ἢ
781 2146 813 2210 τὸ
837 2152 1001 2227 σωφρονεῖν.

391 2261 531 2323 24-28.
554 2259 643 2324 Nihil
666 2260 718 2324 hic
740 2261 831 2325 locus
854 2260 949 2326 habet
972 2262 1058 2344 quod
1076 2263 1147 2326 iure
1165 2262 1342 2346 improbari
1359 2263 1469 2346 possit.

391 2371 480 2449 Quae
514 2392 588 2437 vero
620 2374 697 2437 inde
730 2394 749 2437 a
781 2375 823 2437 29
858 2372 948 2458 (ἀλλ’
971 2372 1069 2439 εἶκαὶ
1093 2373 1205 2463 μηδὲν)
1232 2376 1401 2459 usquead
1426 2377 1469 2439 38

350 2483 519 2570 (ὠργίζοντο
543 2486 583 2564 τῷ
605 2483 770 2572 Σωκράτει)
792 2487 946 2571 leguntur
964 2486 1048 2551 bono
1068 2489 1220 2571 scriptore
1239 2488 1469 2573 indignasunt.

346 2597 439 2662 Solae
469 2596 512 2680 §l
537 2599 579 2661 29
603 2603 634 2662 et
658 2599 698 2662 30
724 2598 804 2663 bene
827 2619 903 2664 oum
924 2600 1187 2683 praecedentibus
1211 2602 1389 2683 cohaerent
1414 2601 1470 2666 sed

347 2731 422 2776 cum
452 2713 600 2796 sequenti
630 2714 812 2776 narratione
842 2715 899 2776 vix
932 2714 999 2778 ullo
1029 2714 1159 2778 vinculo
1182 2716 1371 2799 iunguntur.
1394 2714 1472 2799 Ipsa

348 2830 454 2891 autem
485 2827 541 2890 illa
563 2829 703 2891 narratio
726 2832 792 2890 tam
815 2829 924 2912 inepta
946 2833 1003 2910 est,
1027 2834 1063 2892 ut
1085 2830 1168 2893 inter
1190 2829 1362 2912 legendum
1387 2828 1471 2892 male

347 2944 379 3003 te
411 2941 585 3023 contineas,
619 2941 697 3024 quin
721 2939 839 3004 librum
863 2940 993 3005 abiicias
1016 2960 1034 3005 e
1057 2941 1215 3006 manibus.
1236 2940 1375 3006 Rectene
1398 2961 1472 3006 cen·

347 3071 434 3117 seam
465 3057 569 3117 totum
600 3053 707 3117 locum
739 3053 948 3138 Xenophonti
977 3053 1226 3120 abiudicandum
1250 3074 1329 3138 esse,
1353 3057 1472 3139 optime

349 3164 511 3249 apparebit
542 3167 570 3230 si
600 3167 716 3249 omnia,
747 3187 829 3250 quae
855 3168 902 3231 ihi
924 3167 1061 3232 absurde
1086 3169 1169 3232 dicta
1192 3169 1372 3251 videantur,
1393 3188 1470 3234 enu-

348 3296 519 3342 merarero.

528 3393 555 3454 1.
590 3395 730 3472 πειρῶντο
763 3395 891 3474 χρῆσθαι
920 3392 1136 3475 κωδώνιον...
1169 3396 1199 3478 (5
1232 3397 1294 3477 29).
1324 3396 1470 3460 Primum

482 3505 614 3570 verbum
646 3508 745 3586 πειρᾶν
777 3527 851 3572 oum
880 3509 1040 3572 infinitivo
1071 3511 1164 3593 iungi
1191 3529 1256 3573 non
1280 3513 1400 3594 potest3
1423 3514 1473 3574 est

483 3622 584 3685 enim:
621 3622 816 3703 „mulierem
849 3622 1007 3706 (puerum)
1036 3628 1168 3706 tentare,
1190 3625 1327 3706 eiusque
1349 3622 1473 3707 pudici-

483 3735 558 3798 tiam
581 3733 782 3799 sollieitare''.
801 3733 924 3800 Deinde
944 3735 1136 3819 quibuscum
1158 3735 1341 3801 hominibus
1358 3735 1472 3800 Critias

485 3847 710 3931 comparatur?
737 3847 778 3930 (N
780 3868 830 3911 am
853 3852 1046 3932 comparatio
1069 3850 1260 3931 instituitur,
1284 3855 1319 3913 ut
1343 3854 1473 3933 apparet

482 3978 500 4023 e
532 3959 686 4024 vocabulo
717 3958 866 4042 καθάπερ.)
897 3961 1019 4045 Nempe
1050 3980 1125 4026 eum
1157 3981 1194 4026 eo
1224 3981 1340 4046 genere
1373 3963 1475 4026 homi-

482 4091 572 4152 num,
602 4092 643 4136 ex
674 4093 811 4156 quorum
843 4094 976 4139 numero
1008 4076 1076 4157 ipse
1108 4080 1163 4139 est.
1194 4075 1310 4140 Nonne
1333 4077 1418 4139 enim
1442 4080 1474 4140 et

485 4183 599 4249 Critias
629 4186 699 4250 vult
727 4185 887 4250 ἀπολαύειν
910 4190 959 4250 τοῦ
982 4187 1156 4264 Εὐθυδήμου
1179 4187 1318 4265 σώματος
1341 4187 1409 4268 πρὸς
1432 4187 1474 4250 τοὶ

483 4295 666 4377 deportata?
