3348 5262
832 593 898 656 268

307 782 405 846 verba
433 783 466 844 in
491 780 668 846 Helleniois
688 781 844 864 leguntur
867 780 934 862 (IV,
959 782 989 863 3,
1013 781 1061 859 6):
1086 780 1141 844 sed
1165 781 1337 844 admodum
1363 801 1433 864 pro-

306 895 411 960 babile
435 900 492 977 est,
516 913 553 959 ea
576 915 594 958 a
616 894 831 978 Xenophonte
855 895 972 978 scripta
995 913 1065 959 esse
1085 894 1185 959 multo
1204 900 1278 959 ante
1293 915 1433 979 pugnam

306 1009 559 1088 Mantinensem3
585 1026 690 1090 neque
712 1008 832 1071 iniuria
854 1009 916 1070 viri
940 1008 1025 1071 dooti
1048 1008 1199 1072 videntur
1221 1027 1261 1072 ex
1280 1009 1330 1091 iia,
1353 1028 1434 1092 quae

306 1123 346 1186 de
376 1122 495 1205 proelio
523 1121 609 1205 apud
635 1119 811 1185 Coroneam
835 1121 996 1204 dicuntur,
1021 1121 1172 1204 effecisse,
1195 1122 1331 1205 longum
1355 1127 1433 1186 tem-

305 1237 392 1320 poris
424 1235 631 1299 intervallum
661 1236 871 1319 praeteriisse,
901 1236 1091 1318 priusquam
1123 1234 1303 1318 Xenophon
1334 1235 1373 1298 ab
1398 1255 1434 1298 ea

303 1354 393 1433 parte
416 1348 668 1430 Hellenioorum,
692 1366 774 1431 quae
797 1348 954 1431 proelium
979 1348 1065 1431 apud
1088 1345 1263 1411 Coroneam
1283 1349 1432 1430 eontinet,

303 1462 482 1544 scribenda,
513 1462 552 1525 ad
582 1461 670 1526 illam
703 1461 955 1545 componendam
988 1463 1147 1543 transiret,
1177 1462 1212 1524 in
1236 1481 1300 1544 qua
1323 1481 1432 1544 pugna

303 1575 515 1640 Mantinensis
550 1579 706 1638 narratur.
742 1573 931 1638 Absurdum
967 1579 1072 1639 autem
1108 1578 1156 1638 est
1183 1579 1259 1653 post
1289 1593 1433 1656 paparum

302 1688 541 1751 Mantineasem
564 1688 603 1752 de
623 1686 766 1770 qualibet
785 1687 847 1750 alia
866 1707 984 1770 pugna,
1005 1706 1088 1770 quae
1108 1692 1181 1770 post
1199 1687 1318 1750 bellum
1343 1687 1432 1750 Pelo-

302 1802 532 1884 ponnesiacum
557 1802 728 1864 commissa
751 1801 801 1882 sit,
825 1799 1000 1863 affirmare:
1026 1797 1140 1877 ἐγένετο
1163 1797 1263 1878 οἵαπερ
1282 1799 1332 1862 οὐκ
1351 1797 1431 1872 ἄλλη

302 1917 359 1976 τῶν
382 1913 432 1993 ἐφ’
458 1913 549 1990 ἡμῶν,
576 1915 772 1996 minimeque
795 1914 855 1976 hoo
877 1934 897 1976 a
920 1912 1136 1997 Xenophonte
1160 1915 1338 1997 exspectari
1360 1919 1432 1997 pot-

301 2031 358 2107 est,
383 2027 477 2090 euius
497 2026 574 2090 haee
593 2026 691 2089 verba
711 2030 786 2090 sunt
805 2026 843 2089 de
862 2046 971 2110 pugna
991 2025 1185 2089 Mantinensi
1206 2024 1291 2106 (VII,
1313 2027 1341 2107 5,
1355 2025 1410 2108 26)
1426 2047 1433 2088 :

301 2138 526 2211 συνεληλυθυίας
560 2138 617 2218 γὰρ
652 2136 774 2212 ardena
809 2144 862 2210 τῆς
898 2136 1045 2209 Ἑλλοὶδος
1076 2135 1129 2201 καὶ
1160 2137 1431 2215 ἀντιτεταγμένων,

300 2249 392 2324 οὐδεὶς
415 2248 493 2322 ὅστις
517 2253 568 2315 οὐκ
592 2251 661 2330 ᾤετο
680 2250 747 2322 τοὺς·
768 2251 822 2329 μὲν
843 2249 1050 2331 κρατήσαντας
1070 2246 1164 2330 ἄρξειν
1183 2249 1250 2322 τοὺς
1270 2249 1300 2314 δὲ
1321 2274 1432 2328 κρατη-

301 2364 402 2437 θέντας
433 2363 576 2438 ὑπηκόους
608 2363 731 2427 ἔοεοθαι.
763 2365 853 2428 Nihil
881 2384 955 2448 ergo
978 2363 1214 2448 Xenophonteo
1238 2369 1324 2428 aetas
1348 2365 1433 2428 vidit

303 2479 389 2563 quod
414 2498 487 2541 cum
512 2478 567 2541 illa
590 2479 768 2561 comparari
791 2481 906 2560 posset.

344 2591 433 2654 Haeo
456 2593 555 2674 igitur
577 2594 767 2673 argumenta
790 2594 866 2654 sunt
886 2590 1029 2653 historici
1048 2591 1184 2672 generis,
1205 2589 1324 2673 quibus
1343 2591 1432 2673 Age·

300 2706 417 2768 silaum
449 2704 658 2787 Xenophonti
689 2703 937 2766 abiudioandum
970 2722 1040 2766 esse
1066 2703 1312 2766 demonstratur.
1338 2702 1431 2779 Quae

300 2837 369 2901 ego,
404 2817 505 2880 multo
540 2818 715 2880 maximam
750 2821 871 2898 partem
907 2835 949 2878 ex
979 2814 1106 2899 Hageni
1136 2815 1217 2878 libro
1251 2816 1431 2900 desumpta,

297 2931 502 3013 paucissimis
534 2929 728 3012 quibusdam
757 2931 845 3010 auxi,
869 2929 983 2993 deinde
1007 2931 1114 2992 omnia
1137 2949 1173 2992 ea
1198 2931 1319 2994 ratione
1342 2932 1430 2994 ordi-

297 3045 372 3106 navi
402 3049 433 3106 et
455 3045 616 3126 proposui,
640 3063 704 3126 qua
726 3043 806 3105 mihi
829 3041 1020 3106 videbantur
1042 3045 1218 3106 maximam
1241 3063 1311 3108 esse
1337 3044 1429 3107 habi-

297 3162 370 3219 tura
399 3156 613 3241 persuadendi
644 3158 719 3218 vim.
749 3155 799 3220 Ne
831 3161 938 3219 autem
970 3161 1072 3239 putes,
1095 3158 1202 3239 leotor,
1226 3177 1277 3222 me
1298 3157 1429 3242 Hageni

296 3269 379 3332 libro
412 3270 548 3332 nimium
579 3268 730 3332 tribuisse
762 3274 793 3333 et
818 3271 853 3332 in
877 3271 946 3332 eius
969 3269 1068 3333 verba
1090 3271 1223 3352 iurasse,
1248 3275 1311 3334 tres
1336 3271 1427 3335 looos

296 3381 453 3463 indicabo,
477 3382 596 3465 quibus
620 3384 791 3466 Hagenum
816 3404 834 3446 a
852 3382 1056 3447 Beolrhausio
1069 3388 1100 3446 et
1113 3382 1242 3447 Saohsio
1256 3385 1326 3448 iure
1339 3385 1426 3448 reiu-

295 3501 398 3560 tatum
423 3515 578 3559 censeam.

339 3609 381 3691 Π,
405 3610 455 3671 24.
480 3606 601 3687 νομίζον
625 3608 664 3680 εἰς
689 3605 743 3685 μὲν
766 3608 799 3671 τὸ
823 3608 925 3671 πλατὺ
949 3604 1102 3681 ἐξιὼν...
1129 3610 1168 3688 τῷ
1193 3609 1285 3673 ταυτὶ
1306 3617 1425 3690 κρατεῖν

294 3719 339 3786 ἄν.
376 3721 475 3786 Hune
508 3723 615 3786 locum
652 3723 807 3806 Hagenus
843 3742 915 3786 oum
951 3724 1001 3785 his
1037 3722 1142 3786 verbis
1174 3743 1216 3787 ex
1245 3725 1424 3790 Helleniois

295 3836 362 3917 (VI,
388 3837 416 3918 5,
441 3837 513 3918 31):
547 3835 570 3898 oi
592 3834 624 3898 δὲ
646 3838 702 3897 τῶν
725 3834 963 3912 Λακεδαιμονίων
986 3835 1098 3907 ἱττεῖς,
1122 3833 1211 3910 μοὶλα
1234 3836 1324 3913 ὀλίγον
1347 3842 1421 3915 Φαι-

204 4024 207 4029 .
294 3947 404 4026 νόμενον
434 3946 676 4025 ἀντιτεταγμένοι
705 3949 805 4019 αὐτοῖς
830 3943 904 4021 ἦσαν
928 3949 1059 4032 confert,
1084 3968 1125 4014 ex
1150 3949 1268 4033 quibus
1291 3959 1424 4034 apparet

293 4064 328 4125 in
361 4062 480 4145 proelio
515 4063 727 4144 paucissimos
762 4062 934 4146 Spartanos
969 4063 1119 4127 adfuisse.
1153 4063 1322 4128 Contendit
1343 4083 1423 4146 ergo

293 4174 490 4238 laudatorem
515 4174 637 4259 aliquid
662 4175 774 4257 dicere,
799 4177 886 4259 quod
910 4196 985 4239 oum
1010 4178 1076 4239 veri
1099 4176 1324 4260 Xenophontis
1349 4197 1423 4239 nar-

293 4288 415 4351 ratione
446 4289 609 4351 oonoiiiari
640 4294 788 4373 nequeat.
819 4289 916 4353 Putat
948 4291 1034 4353 enim
1064 4289 1104 4368 τῷ
1128 4288 1222 4352 ταυτί
1241 4289 1423 4373 significare
