3330 5262
751 626 814 688 403

272 812 317 875 lb.
341 811 411 874 Hac
439 812 541 874 utitur
563 812 763 894 peroratione
784 829 875 873 reus:
900 808 956 885 ε’γύ
980 813 1071 886 φημι,
1096 801 1116 869 ὦ
1139 804 1246 886 ἄνδρες,
1271 807 1346 870 ύπο-

227 924 398 995 κτείναντας
421 923 476 1000 μὲν
499 923 578 1001 ύμοῖς
602 923 655 1000 ἐμὲ
678 919 912 1002 τετιμωρηκότας
935 918 1049 984 έσεσόαι
1069 919 1150 1000 adripi
1170 920 1210 1000 τῷ
1232 917 1350 983 πόντων

227 1037 297 1115 ὑμῖν
321 1033 543 1116 πολεμιωτύτω·
566 1034 690 1114 γνόντας
714 1034 744 1098 δέ
769 1033 867 1099 δίκαια
889 1032 1074 1107 πεποιηκέναι
1097 1032 1202 1104 αὐτοὺς
1222 1055 1346 1110 τετιμω-

226 1147 349 1232 ρηκότας
376 1150 532 1230 euastata
556 1147 624 1229 ὑπέρ
648 1172 681 1212 τε
705 1149 785 1226 ὑμῶν
807 1148 904 1211 αὐτῶν
926 1145 976 1210 καί
1001 1147 1069 1227 ὑπὲρ
1093 1149 1149 1209 τῶν
1173 1143 1348 1224 συμμύχων

227 1263 373 1330 όιπύντων.
399 1265 580 1329 Pronomen
601 1261 707 1336 αύτούς
733 1262 860 1327 defendi
879 1282 945 1326 nou
964 1281 1057 1346 posse
1078 1261 1221 1340 videtur;
1242 1260 1349 1344 legen·

230 1380 306 1444 dum
329 1398 443 1443 censeo
465 1377 532 1450 τοὺς
555 1376 677 1448 adroic:
703 1397 761 1442 vos
784 1377 880 1442 simul
901 1382 932 1441 et
952 1377 1180 1459 vosmetipsos
1202 1380 1233 1439 et
1245 1376 1348 1439 socios

230 1497 351 1557 vestros
376 1492 459 1556 ultos
482 1511 560 1556 esse.

274 1604 377 1689 Caput
398 1604 455 1687 IV,
481 1605 508 1667 1.
534 1603 603 1680 Quo
627 1609 767 1689 tempore
789 1603 922 1668 Phliasii
942 1605 1037 1668 etiam
1055 1602 1242 1684 Thyamiam
1261 1621 1347 1666 moe-

229 1719 326 1783 nibus
349 1718 589 1783 circumdabant
610 1719 715 1802 iisque
738 1717 855 1782 Chares
880 1718 987 1781 aderat
1010 1716 1023 1779 ὁ
1048 1712 1189 1796 ”opacos
1214 1715 1268 1779 ὑπὸ
1291 1717 1348 1777 τῶν

229 1831 397 1913 φευγόντων
430 1831 613 1912 κατελήφθη.
646 1828 878 1913 στρατευομένων
910 1831 940 1894 δὲ
970 1828 1087 1894 πιόντων
1118 1827 1276 1902 Ἀθηναίων
1300 1829 1347 1892 ἐπ’

228 1946 315 2011 αὐτόν
337 1944 388 2010 καί
412 1945 460 2010 τόν
483 1944 605 2026 Χύρητα
628 1943 916 2026 μεταπεμψαμένων
940 1945 1000 2008 κτέ.
1025 1944 1213 2009 Absurdum
1233 1949 1282 2008 est
1300 1943 1347 2006 ἐπ’

228 2059 318 2124 αὐτόν
352 2060 456 2124 dicere
486 2079 544 2144 pro
575 2057 624 2123 ἐπὶ
648 2059 696 2124 τόν
719 2055 869 2139 Ὢρωπον,
894 2064 1086 2143 quapropter
1108 2060 1143 2121 in
1167 2059 1348 2123 narratione

228 2177 301 2255 post
334 2175 389 2234 τῶν
423 2170 590 2251 Φευγόντων
624 2174 782 2237 excidisse
813 2174 959 2256 suspicor
988 2172 1195 2254 Themisonis,
1217 2172 1348 2252 tyranni

230 2287 421 2352 Eretriensis
453 2306 578 2369 nomen,
606 2307 700 2371 quem
725 2288 854 2352 aliunde
878 2289 1087 2372 cognovimus
1111 2285 1261 2351 exulibus
1283 2287 1347 2350 illis

228 2401 387 2465 auxilium
410 2402 606 2486 praestitisse
629 2399 731 2482 (Diod.
754 2401 827 2484 XV,
853 2401 903 2465 76.
927 2400 1016 2465 Dem.
1040 2421 1097 2484 pro
1122 2399 1190 2464 Cor,
1212 2421 1242 2484 p.
1263 2401 1347 2481 259).

273 2515 329 2597 IV,
354 2517 382 2577 2.
403 2514 547 2578 Primum
572 2513 784 2580 Athenienses
807 2514 920 2579 foedus
943 2514 1046 2578 facere
1070 2533 1143 2577 cum
1167 2513 1347 2578 Arcadibus

228 2627 387 2710 nolebant,
411 2632 576 2712 propteroa
600 2629 686 2711 quod
708 2630 792 2693 inter
814 2629 955 2693 Arcades
979 2633 1011 2693 et
1032 2627 1205 2713 Spartanos
1226 2627 1346 2692 bellum

227 2746 325 2821 esset3
357 2739 420 2804 ἐπεὶ
453 2738 484 2803 δὲ
507 2739 686 2820 λογιζόμενοι
709 2738 833 2821 εὕρισκον
858 2741 937 2805 οὐδέν
960 2749 1041 2819 μεῖον
1064 2740 1303 2818 Λακεδαιμονίοις
1327 2739 1343 2814 ἢ

225 2853 325 2933 σφίσιν
359 2853 470 2932 ύγαόόν
498 2855 531 2918 τό
560 2853 712 2926 Ἀοκύδας
745 2853 788 2933 μη
812 2855 994 2936 προσδεῖσθαι
1018 2853 1156 2932 Θηβαίων
1179 2855 1241 2918 κτέ.
1265 2855 1343 2920 Post

225 2965 337 3043 ύγαύόν
360 2971 538 3032 necessario
562 2970 763 3058 participium
785 2966 814 3032 όν
836 2971 1043 3035 inserendum
1065 2975 1121 3035 est.

270 3080 326 3162 IV,
351 3083 379 3143 3.
403 3080 598 3163 Lycomedes
621 3083 731 3165 Arcas,
754 3084 810 3167 qui
830 3084 918 3147 illius
937 3083 1072 3148 foederis
1091 3104 1188 3148 causa
1201 3084 1343 3148 Athenas

227 3199 364 3277 venerat,
388 3195 462 3258 inde
483 3197 517 3258 in
536 3197 669 3279 patriam
690 3197 816 3260 rediens
834 3195 1051 3273 δαιμονιώτατα
1063 3195 1246 3270 ἀποθνήσκει·
1258 3194 1345 3260 όντων

225 3305 282 3383 γύο
304 3305 492 3383 παμπόλλων
515 3306 629 3379 πλοίων,
653 3305 846 3386 ἐκλεξάμενος
869 3306 976 3372 τούτων
999 3305 1012 3372 ό
1035 3307 1181 3386 ἐβούλετο,
1202 3307 1253 3372 καί
1275 3332 1342 3371 συν-

225 3418 340 3498 θέμενος
372 3417 463 3483 τοίνυν
497 3418 686 3497 ύποβιβοίσαι
721 3419 782 3485 όποι
818 3421 907 3492 αὐτὸς
941 3420 1059 3494 κελεύοι,
1095 3419 1186 3486 είλετο
1216 3423 1343 3487 ε’νταῦόα

226 3531 346 3606 ἐκβῆναι
370 3530 437 3596 ένόα
460 3532 483 3596 οἱ
505 3531 641 3612 Φυγοίδες
665 3531 830 3613 ἐτύγχανον
849 3533 938 3605 όντες.
961 3534 1023 3611 Qui
1042 3536 1142 3600 credit
1154 3536 1342 3620 particulam

227 3642 316 3706 τοίνυν
338 3645 376 3710 ab
399 3649 469 3732 ipso
492 3647 709 3732 Xenophonte
732 3667 801 3713 esse
825 3649 973 3731 additam,
995 3651 1032 3732 is,
1054 3649 1167 3730 hercle,
1187 3650 1266 3712 nihil
1280 3669 1345 3712 nou
1425 3715 1428 3724 ,

226 3759 404 3841 concoquit.
435 3759 519 3836 Quid
550 3763 591 3825 sit
613 3762 784 3846 legendum
808 3762 899 3826 facile
922 3766 969 3826 est
993 3762 1033 3824 ad
1056 3761 1277 3825 statuendum:
1303 3781 1344 3825 ex

226 3870 323 3937 verbo
347 3872 433 3936 enim
456 3875 620 3938 transitivo
641 3871 830 3950 ύποβιβύσαι
854 3875 976 3958 liquido
1001 3880 1130 3959 apparet
1148 3873 1344 3958 Xenophon-

225 3991 289 4050 tem
320 3987 484 4070 scripsisse
513 3995 575 4060 τοῖς
599 3986 726 4060 ναύταις.
751 3987 902 4072 Sequitur
924 3989 1054 4060 κόκεῖνος
1078 3988 1132 4065 μὲν
1156 3983 1244 4058 ούτως
1267 3987 1342 4050 απο-

225 4098 346 4174 όνύσκει,
382 4100 398 4172 ἡ
434 4099 530 4178 μέντοι
565 4102 733 4181 συμμαχία
764 4099 852 4173 οὕτως
881 4101 1051 4182 ἐπεραίνετο.
1083 4102 1230 4166 Alterum
1255 4097 1342 4170 οὕτως

225 4212 411 4281 Dindorfius
436 4216 533 4295 delet3
555 4222 729 4300 praestaret
750 4217 887 4281 scribere
909 4214 960 4279 xci
984 4212 1031 4288 ύς.

269 4326 325 4406 IV,
348 4330 377 4392 4.
408 4326 533 4399 εἰπόντος
557 4327 588 4392 δέ
612 4328 796 4407 Δημοτίωνος
820 4329 849 4391 έν
871 4330 911 4409 τῷ
934 4327 1018 4408 δόμῳ
1041 4331 1096 4391 τῶν
1120 4327 1278 4401 Ἀθηναίων
1301 4327 1338 4399 ὥς
