3354 5268
755 655 796 724 83

216 846 270 924 μὲν
293 842 426 924 ἡγεμονοι
445 846 649 929 (vocabulum
669 848 754 912 enim
766 844 931 926 νομάρχης
942 849 1088 931 proxime
1101 848 1337 940 praeeedittl....

214 957 386 1023 καταλείπει
409 960 511 1024 deleto
535 959 575 1037 τῷ
594 957 752 1040 κωμάρχρ,
773 980 810 1024 aa
828 961 987 1026 medicina
1007 962 1104 1026 nimis
1124 961 1264 1027 violenta
1277 966 1333 1027 est.

657 1460 830 1526 LIBER
863 1463 902 1525 V.

259 1645 291 1709 O.
314 1645 339 1729 1,
363 1648 383 1710 8
410 1645 589 1730 „Oportet”
612 1648 720 1730 inquit
741 1646 923 1731 Xenophon
950 1647 1100 1730 „ducem
1125 1649 1182 1731 qui
1205 1649 1336 1732 praede·

213 1763 283 1822 tum
319 1760 408 1824 exire
439 1760 519 1842 vult
553 1779 612 1824 nos
648 1759 687 1823 de
718 1779 754 1824 ea
783 1779 818 1824 re
848 1761 1000 1823 certiores
1029 1759 1142 1842 faeere,
1173 1759 1336 1843 simulque

213 1871 401 1955 significare,
435 1892 499 1955 quo
533 1874 579 1936 ire
609 1873 686 1936 velit
716 1868 762 1935 ἵνοι
784 1871 834 1936 εὀἐν
858 1895 903 1943 τις
925 1874 982 1935 πῶν
1004 1870 1188 1952 ἀπειροτέρων
1212 1873 1333 1952 ἐγχειρῇ

212 2007 269 2056 ποι,
305 1982 554 2061 συμβουλεύωμεν
589 1984 752 2065 πειρώμενοι
782 1983 884 2047 εἰδένοιι
913 1983 966 2056 πίρν
996 1983 1122 2062 δύνομιν
1153 1985 1203 2065 ἐφ’
1229 1981 1276 2056 οὓς
1299 1982 1335 2048 ἂν

213 2095 318 2162 ἴωπιν”.
349 2097 453 2162 Sensu
476 2117 566 2162 oassa
591 2099 669 2162 mihi
692 2099 769 2162 haee
792 2099 958 2163 videntur:
984 2100 1057 2182 quis
1081 2100 1165 2162 enim
1189 2118 1335 2182 unquam

211 2213 266 2276 alii
289 2213 341 2276 dat
364 2212 534 2275 eonsilium
559 2212 598 2275 de
623 2231 661 2276 ea
683 2231 726 2294 re,
751 2231 847 2295 quam
871 2212 939 2295 ipse
958 2211 1096 2276 fateatur
1115 2231 1149 2276 se
1169 2213 1334 2296 ignorare!

211 2323 275 2388 Hie
309 2330 416 2388 tamen
448 2326 613 2408 peritiores
641 2324 794 2388 dicuntur
825 2325 923 2388 simul
952 2326 1117 2409 imperitos
1141 2325 1336 2389 admonituri

211 2458 289 2516 esse,
313 2440 411 2504 simul
434 2457 560 2519 operam
582 2438 701 2520 dotum,
721 2443 758 2501 ut
778 2457 860 2522 quae
873 2439 938 2502 sint
951 2439 1092 2503 hostium
1104 2441 1190 2503 vires
1202 2458 1336 2523 cognos-

212 2559 292 2617 cant.
316 2551 403 2628 Quid
427 2553 454 2616 si
474 2571 511 2616 ea
534 2552 705 2615 ealliditate
728 2551 835 2616 hostes
859 2557 944 2634 sunt,
966 2559 1003 2615 ut
1023 2571 1064 2616 ne
1084 2553 1251 2636 peritiores
1265 2553 1335 2636 qui·

211 2667 282 2731 dem
307 2687 418 2758 eorum
442 2685 615 2730 numerum
638 2667 763 2749 possint
783 2665 959 2749 indagare?
975 2665 1334 2747 „Admonendieruut”

209 2782 337 2864 inquies
363 2780 445 2862 „itu
468 2782 525 2863 qui
548 2779 761 2863 expeditionis
785 2780 956 2844 eonsilium
980 2784 1142 2864 oepertmt
1165 2785 1202 2843 ut
1225 2799 1336 2864 apro-

209 2895 312 2978 posito
346 2892 530 2958 desistant''.
563 2893 607 2957 At
636 2892 696 2956 hoo
721 2892 932 2956 omittendum
957 2912 1023 2956 non
1047 2897 1122 2957 erat.
1145 2891 1333 2977 legendum

212 3027 286 3091 ergo
316 3026 431 3071 censeo
460 3006 610 3086 πειροῖοννιι
633 3024 690 3090 pro
716 3005 889 3085 πειρώμενοι.
915 3005 989 3070 Νοιι
1014 3007 1099 3070 enim
1123 3007 1159 3068 in
1182 3024 1218 3069 eo
1242 3006 1336 3089 periti

211 3121 301 3185 dueis
342 3122 484 3185 cernitur
517 3119 697 3204 prudentia,
733 3118 819 3202 quod
852 3119 921 3201 ipse
954 3119 1164 3202 exploratoris
1198 3137 1333 3182 munere

208 3234 365 3318 fungitur,
388 3233 444 3298 sed
469 3232 554 3316 quod
577 3232 743 3314 imperitos
762 3231 861 3313 docet,
882 3231 963 3294 nihil
983 3236 1094 3296 eontra
1107 3232 1228 3295 hostem
1242 3232 1344 3317 igno·¹
1458 3261 1462 3266 ·

208 3352 279 3411 tum
321 3346 564 3430 suscipiendum
598 3363 677 3428 esse,
712 3345 768 3409 sed
803 3347 992 3429 priusquam
1027 3365 1103 3410 eum
1137 3345 1333 3431 aggrediaris

210 3460 443 3544 explorandum
468 3477 546 3541 esse,
570 3465 727 3542 quantum
752 3459 855 3522 valeat
878 3461 987 3542 copiis.

254 3572 279 3657 Ι,
304 3575 345 3636 15
369 3573 459 3638 Stin
482 3574 574 3637 initio
597 3573 673 3637 libri
698 3575 803 3657 quinti
825 3574 932 3637 locum
952 3573 1094 3638 indicare
1113 3592 1248 3658 possem,
1269 3592 1333 3656 quo

209 3685 368 3751 Anabasis
401 3705 476 3770 pars
509 3688 598 3769 prior
629 3693 693 3751 tam
724 3692 795 3771 apte
824 3686 1037 3766 clauderetur,
1061 3707 1157 3771 quam
1181 3685 1332 3749 ludorum

210 3801 430 3884 descriptione,
453 3819 536 3883 quae
559 3802 593 3863 in
617 3799 682 3863 fine
703 3799 777 3864 libri
797 3802 903 3884 quarti
921 3801 1047 3883 legitur,
1067 3801 1232 3884 egregium
1254 3798 1332 3862 mihi

209 3913 336 3978 viderer
375 3912 490 3977 habere
524 3918 758 3996 argumentum,
795 3933 859 3996 quo
893 3913 1146 3976 demonstrarem
1179 3911 1330 3996 bipartito

209 4026 374 4091 Anabasin
409 4026 613 4090 dividendam
648 4045 728 4109 esse,
763 4032 794 4090 et
827 4028 1034 4110 posteriorem
1064 4031 1186 4110 partem
1218 4025 1330 4089 multis

209 4143 302 4205 annis
323 4147 395 4224 post
417 4142 553 4224 priorem
578 4159 648 4204 esse
672 4140 797 4203 editam.
816 4138 880 4202 Hie
900 4140 994 4221 enim,
1007 4138 1167 4222 quomodo
1181 4142 1329 4202 mortuus

209 4255 251 4318 sit
283 4252 452 4338 Dexippus
482 4252 658 4336 Spartanus
688 4259 852 4316 narratur:
888 4252 1001 4316 sedin
1024 4250 1104 4314 libro
1129 4255 1221 4316 sexto
1245 4252 1331 4315 idem

208 4369 303 4432 homo
332 4373 497 4451 tamquam
527 4387 569 4431 ex
593 4365 676 4431 Oreo
698 4371 875 4450 revocatur,
899 4371 936 4429 ut
958 4364 1108 4449 perfidiae
1131 4383 1208 4428 suae
1234 4365 1329 4450 plura
