3354 5268
772 629 790 690 3

217 811 360 875 Anabasi
389 829 555 894 apparere.
587 808 705 893 Relege
733 829 851 893 quaeso
874 811 945 893 ipsa
969 810 1065 873 verba
1088 807 1207 894 quibus
1231 814 1342 895 utitur,

218 931 250 989 et
270 930 376 988 tecum
400 924 567 987 considera
591 927 701 988 utrum
726 924 768 987 sit
788 924 889 1006 magis
908 923 1080 1006 probabile,
1099 925 1183 987 inter
1204 924 1342 992 Graecos

219 1038 325 1119 duces,
359 1037 416 1120 qui
446 1035 565 1116 Cyrum
598 1037 662 1099 sint
686 1037 796 1115 secuti,
819 1055 930 1100 revera
953 1055 1055 1100 unum
1078 1036 1187 1118 fuisse,
1211 1043 1277 1100 tam
1302 1038 1343 1102 ad

218 1149 380 1231 scriptoris
408 1152 548 1211 mentem
580 1147 828 1230 accomodatum,
852 1167 927 1212 eum
951 1154 1057 1212 tamen
1082 1149 1180 1214 semel
1202 1154 1343 1214 tantum-

218 1263 311 1326 modo
336 1262 376 1325 ad
400 1261 496 1325 verba
517 1260 663 1324 facienda
681 1261 816 1344 prodire,
835 1266 945 1344 postea
965 1261 1059 1326 silere
1078 1261 1118 1325 de
1130 1281 1233 1346 eoque
1245 1263 1341 1339 sileri,

218 1395 259 1438 an
281 1374 393 1438 fictum
411 1392 481 1438 esse
500 1374 673 1454 hominem,
694 1378 730 1438 ut
750 1374 897 1457 scriptori
917 1391 1084 1457 personam
1105 1395 1197 1438 suam
1211 1395 1343 1440 nomen·

219 1506 283 1571 que
306 1487 545 1551 commodaret?

267 1600 338 1680 ,At
361 1597 469 1663 enim'’
492 1599 591 1670 lector
615 1598 698 1662 dicet
720 1618 786 1662 non
809 1599 957 1682 pertinax
979 1598 1055 1680 „fac
1073 1619 1139 1662 non
1159 1599 1338 1664 esseTheo-

219 1732 373 1796 pompum
408 1734 427 1776 a
457 1712 672 1796 Xenophonte
696 1713 869 1794 diversum,
893 1733 971 1776 num
996 1732 1033 1778 eo
1056 1713 1209 1796 probatur
1232 1713 1343 1778 Xeno·

220 1827 369 1911 phontem
393 1826 447 1890 illo
471 1833 613 1910 tempore
635 1827 867 1890 adolescentem
891 1825 1016 1892 fuisse?
1036 1826 1121 1892 Tieri
1139 1829 1224 1891 enim
1237 1833 1343 1911 potest

220 1943 257 2002 ut
279 1937 435 2006 Phalinus
453 1938 550 2003 fuerit
569 1940 664 2002 homo
683 1939 896 2022 grandaevus,
916 1941 973 2022 qui
992 1939 1166 2004 adversarii
1177 1939 1342 2030 deridendi

149 2077 161 2096 ι
220 2070 325 2134 causa,
356 2071 439 2132 eum,
471 2071 666 2135 quamquam
697 2053 760 2114 iam
791 2056 875 2115 esset
897 2057 999 2116 aetate
1022 2053 1210 2135 provectior,
1234 2057 1340 2117 tamen

219 2169 257 2228 ut
291 2165 562 2230 adolescentulum
593 2165 824 2248 alloqueretur:
856 2164 1000 2229 conferas
1032 2166 1126 2228 modo
1150 2185 1232 2248 quae
1256 2167 1341 2248 apud

219 2276 408 2342 Sallustium
431 2278 471 2341 de
494 2277 605 2341 Catulo
624 2288 655 2343 et
675 2277 808 2350 Caesare
831 2277 1014 2361 leguntur’'.
1037 2276 1127 2340 Dabo
1152 2296 1226 2360 ergo
1240 2279 1339 2342 alium

220 2389 335 2470 locum,
370 2409 474 2473 quem,
508 2391 535 2454 si
567 2392 665 2454 semel
695 2409 799 2454 meam
831 2391 870 2453 de
896 2389 971 2454 ficto
994 2390 1187 2473 Theopompi
1210 2392 1340 2454 nomine

220 2505 407 2568 sententiam
430 2504 624 2587 probaveris,
647 2524 711 2567 non
734 2504 898 2568 recusabis
923 2522 1049 2567 mecum
1074 2504 1114 2566 ad
1133 2504 1240 2586 ipsum
1252 2503 1340 2566 Ana·

220 2617 332 2682 baseos
367 2620 551 2700 scriptorem
583 2618 709 2683 referre.
738 2617 806 2680 Vix
830 2637 911 2700 opus
934 2623 982 2681 est
1005 2621 1042 2682 ut
1065 2636 1138 2681 enm
1161 2616 1268 2680 locum
1291 2619 1340 2680 in·

195 2797 198 2806 ,
220 2732 333 2813 dicem,
362 2751 437 2795 nam
470 2751 553 2814 quae
583 2731 628 2794 ibi
650 2732 803 2814 leguntur
825 2736 890 2794 tam
913 2732 1031 2795 similia
1053 2735 1083 2794 et
1107 2736 1241 2814 cognata
1264 2735 1341 2795 sunt

219 2845 268 2926 iia,
303 2844 422 2928 quibus
457 2865 476 2907 a
508 2844 709 2928 Theopompo
741 2843 897 2908 Phalinus
929 2843 1141 2927 redarguitur,
1174 2849 1210 2907 ut
1239 2843 1340 2906 lector

220 2955 317 3020 verbo
348 2961 473 3020 tantum
504 2957 688 3019 admonitus
713 2954 806 3020 facile
830 2957 987 3020 conticere
1010 2956 1110 3038 possit
1134 2956 1212 3039 quid
1234 2955 1339 3018 velim.

219 3069 278 3134 Est
313 3070 398 3134 enim
429 3087 470 3134 ex
500 3087 537 3132 ea
564 3069 753 3149 narratione,
781 3068 838 3133 ubi
860 3069 943 3131 alius
967 3069 1096 3152 quidam
1120 3068 1340 3134 adolescentu-

220 3184 272 3248 lus
302 3221 344 3230 —
375 3187 406 3247 et
436 3184 505 3266 ipse
528 3184 663 3266 scriptor
687 3201 760 3246 eum
785 3182 1058 3246 adolescentulum
1083 3187 1175 3246 vocat
1197 3219 1239 3228 —
1264 3180 1336 3246 sub·

220 3296 269 3359 tili
291 3301 324 3360 et
345 3296 562 3379 philosophica
585 3295 854 3360 demonstratione
878 3293 1067 3358 Clearchum
1088 3295 1187 3377 docet,
1208 3295 1339 3359 minime
1427 3359 1431 3368 ,

220 3427 289 3474 esse
324 3408 540 3490 metuendum,
572 3426 611 3471 ne
640 3407 867 3490 Tissaphernes
897 3413 1027 3490 pontem
1058 3409 1142 3470 inter
1166 3411 1340 3489 utrumque

219 3521 579 3588 exercitumrescindat
602 3519 654 3602 (II,
678 3521 708 3602 4,
734 3519 794 3600 19).
820 3517 921 3594 Quem
945 3519 1050 3584 locum
1075 3521 1103 3584 si
1126 3519 1184 3583 tibi
1204 3521 1236 3582 in
1251 3538 1339 3584 men-

216 3640 283 3706 tem
306 3635 515 3716 revocaveris,
539 3633 705 3696 miraberis
729 3651 865 3714 mecum,
887 3633 1037 3698 iuvenem
1057 3637 1121 3696 tam
1141 3631 1338 3715 Xenophon·

216 3753 271 3818 ¹tea
289 3749 397 3812 indole
415 3748 604 3831 praeditum,
623 3747 715 3809 cuius
734 3748 769 3810 in
790 3744 932 3808 Clearchi
951 3746 1083 3808 consilio
1097 3725 1221 3809 tantum
1234 3745 1338 3807 valeat

211 3862 386 3943 sententia,
417 3879 521 3943 neque
551 3879 611 3924 suo
641 3860 771 3922 nomine
802 3859 943 3943 produci,
974 3877 1078 3941 neque
1101 3876 1240 3941 usquam
1263 3855 1339 3920 alibi

214 3977 476 4044 commemorari:
502 3975 619 4058 dignus
643 3975 728 4036 enim
753 3978 820 4044 erat
843 3974 908 4056 qui,
932 3971 1068 4035 ducibus
1091 3970 1284 4052 interfectis,¹
1298 3971 1338 4034 ud

220 4088 363 4153 altiorem
386 4088 514 4171 imperii
535 4087 670 4170 gradum
695 4091 945 4169 promoveretur.

265 4199 357 4266 Certa
384 4207 491 4267 autem
520 4219 600 4282 esse,
626 4204 657 4265 et
679 4197 856 4278 manifesta,
879 4216 961 4280 quae
984 4198 1154 4280 hucusque
1177 4197 1338 4280 disputavi

218 4315 351 4380 minime
385 4315 584 4380 contendam.
621 4312 701 4376 Mihi
722 4331 810 4398 ,sane
840 4318 924 4407 certa
956 4310 1114 4388 videntur,
1145 4311 1201 4373 sed
1232 4315 1269 4374 ut
1298 4311 1338 4374 iis
