3348 5262
744 611 808 674 215

212 801 355 880 ceptores
381 815 451 861 esse
475 797 628 880 suspicor,
652 797 718 879 qui,
739 814 821 878 quae
841 795 882 860 sit
899 795 955 858 illa
974 795 1013 859 de
1032 799 1170 879 utroque
1183 794 1337 860 Convivia

211 909 407 992 deliberatio,
441 912 533 974 iuxta
567 930 641 974 oum
672 911 885 994 ignarissimis
916 910 1081 992 ignorent3
1114 928 1280 992 quumque
1301 911 1337 973 in

211 1042 323 1088 eorum
355 1042 484 1106 quoque
506 1042 622 1087 manus
647 1021 768 1086 librum
790 1041 898 1086 meum
922 1027 1153 1105 perventurum
1175 1041 1245 1086 esse
1267 1038 1337 1106 spe·

211 1155 287 1212 rem,
309 1136 397 1200 haud
419 1136 567 1200 inutilem
590 1155 642 1200 me
665 1154 793 1220 operam
812 1135 972 1199 facturum
991 1154 1061 1199 esse
1074 1136 1177 1217 credo,
1189 1137 1217 1200 si
1228 1138 1336 1200 cuius-

209 1249 296 1312 modi
330 1233 546 1313 controversia
580 1248 619 1312 de
653 1248 817 1312 Platonico
848 1247 1148 1332 Xenophonteoque
1179 1247 1334 1312 Convivio

210 1361 267 1424 diu
300 1365 374 1424 ante
408 1365 549 1425 nostram
585 1366 718 1425 aetatem
752 1366 828 1425 nata
862 1362 905 1425 sit
933 1380 1039 1443 neque
1070 1366 1177 1425 tamen
1200 1382 1333 1446 prorsus

208 1473 374 1558 profligata
397 1493 466 1539 esse
489 1475 644 1552 videatur,
667 1494 764 1557 quam
787 1473 975 1538 brevissime
996 1476 1048 1540 hic
1071 1493 1269 1539 enarravero.
1293 1475 1332 1540 Id

208 1607 284 1671 ergo
317 1589 457 1671 primum
489 1588 613 1670 faciam,
647 1587 796 1652 omnibus
832 1589 962 1678 remotis
997 1587 1195 1672 ambagibus
1229 1591 1332 1654 omni-

207 1701 333 1785 busque
370 1702 476 1786 rebus‚
509 1722 592 1786 quae
629 1703 707 1767 mihi
740 1703 877 1767 leviores
911 1703 1070 1780 videntur,
1105 1704 1232 1767 omissis
1267 1723 1331 1786 quo

206 1817 308 1900 magis
331 1817 500 1900 perspicua
523 1817 587 1880 sint
606 1816 737 1899 reliqua
756 1813 880 1880 Deinde
900 1816 978 1898 quid
998 1816 1037 1880 de
1054 1816 1125 1900 ipsa
1146 1818 1333 1899 quaestione

206 1931 275 2013 ipse
298 1948 445 1993 censeam
468 1929 642 2013 explicabo.

250 2042 334 2108 Satis
357 2043 450 2107 multi
472 2045 507 2106 in
529 2049 668 2126 utroque
690 2041 845 2106 Convivia
864 2043 1017 2126 leguntur
1036 2042 1107 2125 loci,
1126 2043 1181 2125 qui
1195 2043 1330 2107 alterum

205 2156 325 2239 legenti
348 2156 483 2220 alterum
507 2157 541 2218 in
565 2157 751 2220 memoriam
775 2173 841 2219 non
863 2156 989 2239 possint
1008 2174 1072 2218 non
1092 2174 1249 2219 revocare.
1262 2155 1332 2220 Aut

206 2269 292 2332 euim
327 2267 498 2353 utrobique
529 2268 640 2333 eadem
669 2286 721 2332 res
751 2272 901 2331 narratur
930 2267 982 2331 vel
1005 2267 1250 2350 demonstratur,
1274 2270 1331 2332 sed

205 2383 258 2463 ita,
288 2387 325 2445 ut
352 2383 521 2464 scriptores
544 2381 631 2446 haud
654 2381 765 2445 leviter
789 2382 874 2444 inter
897 2399 931 2444 se
955 2380 1124 2444 dissentire
1147 2400 1329 2464 cognoscas

204 2499 261 2557 aut
296 2494 382 2577 quod
416 2496 451 2558 in
486 2495 584 2558 altero
617 2493 699 2559 libro
733 2495 866 2578 legitur.
881 2493 975 2577 plane
1006 2501 1054 2558 est
1077 2494 1258 2577 oppositum
1282 2496 1328 2559 rei

205 2608 303 2672 alicui
337 2608 561 2688 sententiaeve,
596 2627 693 2690 quam
729 2626 771 2671 ex
805 2607 904 2670 altero
937 2606 1115 2670 didicimus.
1139 2606 1216 2671 Illos
1241 2607 1328 2671 locos

202 2723 327 2805 primus
363 2726 419 2786 aut
454 2721 635 2784 observavit
669 2725 726 2784 aut
759 2720 872 2784 saltem
904 2719 1059 2783 indicavit
1090 2718 1262 2784 Carnarius
1294 2723 1328 2784 in

196 2834 396 2924 praefatione
418 2835 458 2899 ad
481 2836 660 2899 versionem
680 2834 812 2898 latinam
832 2835 1004 2918 utriusque
1023 2832 1180 2914 Convivii,
1192 2834 1327 2916 eiusque

203 2948 450 3032 disputationem
485 2947 698 3012 Schneiderus
729 2949 761 3010 in
798 2945 1067 3028 „Quaestionibus
1099 2946 1138 3008 de
1171 2944 1326 3010 Convivio

201 3059 457 3144 Xenophonteo’'
500 3061 633 3145 repetiit.
671 3057 816 3134 Quatuor
848 3078 900 3123 res
935 3063 1020 3140 sunt,
1055 3077 1137 3142 quae
1173 3057 1325 3123 Cornario

202 3174 336 3237 maximi
358 3175 512 3237 momenti
536 3174 622 3236 visae
646 3178 738 3236 sunt:

245 3286 270 3350 Ι.
302 3286 400 3370 Apud
431 3286 598 3350 Platonem
629 3305 743 3370 graves
767 3290 799 3350 et
821 3287 922 3350 seriae
945 3286 1049 3350 solum
1074 3285 1233 3350 habentur
1256 3305 1325 3350 ora·

201 3401 313 3481 tiones,
347 3399 544 3483 tibicinaque
577 3418 689 3463 recens
721 3400 867 3483 ingressa
897 3400 1022 3462 eiieitur
1054 3405 1084 3463 et
1109 3400 1149 3463 ad
1174 3399 1325 3464 mulieres

201 3511 374 3596 ablegatur.
403 3512 586 3596 Xenophon
618 3518 726 3576 tamen
755 3517 787 3576 et
809 3511 974 3576 tibicinam
999 3517 1030 3576 et
1054 3513 1245 3576 saltatricem
1268 3532 1326 3597 per

201 3632 304 3692 totum
330 3626 536 3711 Symposium
560 3626 698 3708 exhibet,
722 3632 753 3691 et
774 3628 917 3710 ipsarum
936 3628 1125 3710 magistrum
1139 3645 1203 3689 non
1217 3626 1323 3690 solum
1418 3646 1430 3700 g

201 3740 433 3822 colloquentem
468 3740 602 3822 inducit,
636 3740 693 3804 sed
726 3741 821 3804 etiam
856 3738 977 3803 Socrati
1009 3739 1195 3803 illudentem
1228 3744 1324 3823 atque

200 3854 435 3917 convitiantem.

244 3966 286 4030 Η.
309 3961 595 4050 Apud'Platonem
617 3966 782 4031 Phaedrus
805 3966 968 4030 contendit
990 3967 1177 4048 exereitum,
1201 3968 1322 4049 quiex

199 4079 395 4143 amatoribus
419 4084 450 4144 et
473 4081 585 4143 amatis
609 4084 776 4158 constaret,
798 4081 956 4142 invictum
979 4078 1064 4158 fore;
1087 4079 1171 4162 apud
1184 4079 1322 4144 eundem

199 4192 377 4257 Pausanias
400 4192 544 4275 affirmat,
568 4193 654 4276 apud
673 4192 768 4258 Eleos
787 4191 1002 4273 Boeotiaeque
1022 4191 1218 4274 hanolegem
1231 4211 1320 4257 esse:

200 4303 290 4368 καλὸν
323 4303 357 4368 τὸ
391 4302 564 4385 χαρίζεσθαι
594 4304 744 4385 ἐρασταῖς.
775 4303 838 4368 Sed
867 4303 952 4386 apud
983 4303 1230 4388 Xenophontem
1253 4306 1323 4390 ipse
