3354 5268
906 647 948 713 66

368 841 469 921 lgltur
490 835 564 900 olim
589 837 743 919 seriptum
765 834 866 900 fuisse
889 833 1013 915 radas
1037 833 1072 907 ee
1091 837 1178 915 Κῦρος
1197 833 1249 899 καὶ
1262 835 1278 909 ἡ
1291 835 1415 917 στρατιαὶ
1424 859 1487 900 πνι-

367 949 461 1030 priate,
470 951 608 1034 primum
620 954 725 1013 autem
738 948 929 1014 vocabulum
942 949 974 1012 in
988 946 1100 1021 radam
1113 949 1238 1032 abiisse,
1246 971 1327 1034 quae
1335 950 1489 1035 frequens

369 1067 418 1127 ost
448 1062 634 1146 corruptela,
655 1068 685 1126 et
712 1063 758 1126 sio
781 1062 1033 1126 additamentum
1056 1062 1108 1133 rba
1132 1060 1253 1143 πάροδον
1276 1070 1387 1128 natum
1409 1083 1490 1129 esse.

416 1175 487 1258 VII,
522 1177 562 1238 18
597 1171 698 1238 ἔδωκεν
729 1175 809 1254 αὐτῷ
842 1175 972 1258 (Silano)
1004 1175 1147 1255 δαρεικοὺς
1179 1176 1361 1257 mammisea,
1386 1175 1428 1241 ὅτι
1451 1185 1490 1258 τῇ

369 1287 507 1368 ἑνδεκάτῃ
532 1289 586 1351 ,ἐπ’
610 1287 717 1360 ἐκείνης
741 1286 836 1370 ἡμέρᾳ
858 1286 987 1369 πρότερον
1011 1287 1145 1365 θυόμενος
1169 1281 1246 1352 εἶπεν
1266 1290 1327 1353 κτὲ.
1350 1290 1490 1355 (lobetus

370 1401 499 1484 πρότερον
533 1404 675 1487 expungi
708 1403 819 1466 iussit:
852 1403 1037 1482 rectissime,
1072 1408 1108 1466 ut
1140 1405 1269 1486 opinor,
1301 1405 1377 1488 quid
1402 1407 1489 1469 enim

370 1518 471 1601 magis
505 1515 663 1580 manifesti
697 1515 895 1580 emblematis
936 1517 1071 1600 speciem
1109 1535 1183 1599 prae
1219 1536 1253 1581 se
1286 1517 1354 1599 fert,
1391 1539 1489 1603 quam

370 1631 457 1694 istud
480 1629 664 1694 adverbium
688 1648 725 1694 eo
748 1629 818 1692 loco
841 1630 990 1712 positum
1016 1627 1088 1692 Non
1112 1631 1156 1692 ita
1180 1629 1288 1714 Hugio
1312 1633 1434 1696 visum:
1461 1633 1491 1695 is

371 1745 456 1809 enim
487 1762 556 1806 eam
586 1743 741 1806 rationem
772 1744 864 1826 sequi
894 1742 1016 1824 maluit,
1041 1761 1123 1825 quae
1153 1751 1261 1807 nostra
1283 1749 1385 1808 aetate
1408 1763 1491 1808 non-

371 1858 470 1922 nullis
493 1857 610 1920 criticis
633 1857 667 1919 in
692 1855 813 1920 deliciis
833 1875 903 1920 esse
922 1855 1057 1938 videtur,
1078 1860 1114 1920 ut
1134 1855 1288 1920 eduabus
1300 1857 1491 1940 pluribusve

372 1969 559 2054 corruptelis
594 1989 691 2033 unam
715 1967 854 2033 conflent
876 1969 1053 2051 lectionem,
1076 1988 1172 2051 quam
1197 1970 1253 2032 vix
1276 1971 1338 2053 ipsi
1361 1971 1491 2035 credere

371 2086 504 2169 possint,
535 2104 600 2148 non
633 2102 702 2149 esse
731 2082 911 2147 absurdam.
945 2081 1027 2146 Nam
1053 2102 1153 2165 quum
1176 2083 1327 2147 hocloco
1350 2085 1383 2146 in
1408 2103 1491 2147 non-

372 2199 470 2263 nullis
493 2197 657 2262 codicibus
680 2198 721 2261 sit
743 2193 911 2272 πνθόμενος,
936 2201 967 2260 et
986 2196 1230 2260 Bornemannus
1248 2197 1355 2260 locum
1375 2197 1491 2261 obscu-

373 2314 497 2395 riorem,
529 2313 585 2396 qui
616 2311 673 2388 VI,
703 2312 734 2392 4,
757 2313 798 2373 22
827 2311 952 2394 legitur,
977 2310 1039 2374 sibi
1062 2311 1230 2376 emendare
1254 2313 1343 2375 usus
1366 2313 1408 2376 sit
1430 2332 1491 2396 pro

372 2426 577 2507 προθυμεῖσθαι
600 2424 733 2509 legendo
757 2423 934 2504 apostalae,
961 2425 1021 2487 h'oc
1044 2423 1176 2489 verbum
1200 2424 1370 2509 utrobique
1397 2445 1491 2505 ,res-

374 2538 584 2620 tituendum'',
619 2544 650 2602 et
683 2538 710 2620 I,
746 2538 775 2619 7,
812 2539 852 2600 18
889 2534 1084 2615 προθυόμεννς,
1117 2537 1174 2619 VI,
1204 2539 1234 2619 4,
1258 2539 1299 2600 22
1323 2537 1491 2617 palaeae

374 2653 578 2718 scribendum
612 2670 681 2716 esse
715 2653 870 2735 opinatur.
903 2649 1044 2735 Tamque
1075 2651 1136 2714 sibi
1167 2651 1300 2715 firmiter
1322 2653 1492 2735 persuasit,

373 2786 482 2831 veram
512 2785 582 2830 eam
604 2767 785 2849 opinionem
809 2783 887 2847 esse,
910 2770 946 2828 ut
971 2765 1034 2828 duo
1058 2771 1257 2848 argumenta,
1281 2785 1363 2848 quae
1386 2768 1492 2831 cuivis

373 2881 474 2946 videri
503 2882 636 2965 possint,
667 2884 752 2944 corto
784 2880 902 2943 certius
935 2877 1150 2942 demonstrare
1177 2897 1282 2962 neque
1304 2877 1492 2955 προννόμενος

374 3013 478 3078 neque
508 2990 673 3074 προθύεσθνν
706 3012 724 3056 a
746 2991 960 3076 Xenophonte
986 2993 1140 3075 scriptum
1162 3010 1240 3074 csse,
1263 2991 1356 3055 nihili
1378 2992 1490 3057 faciat:

282 3193 284 3200 Ι
376 3127 514 3192 quorum
545 3107 677 3170 alterum
702 3111 759 3187 est,
783 3105 869 3190 quod
891 3104 1082 3188 Xenophon,
1107 3105 1163 3188 qui
1187 3106 1370 3188 saepissime
1393 3106 1492 3171 verbo

375 3219 447 3283 θύειν
481 3226 512 3284 et
546 3217 659 3282 identat
694 3239 774 3283 usus
809 3221 858 3300 sit,
890 3238 1051 3302 nusquam
1084 3220 1294 3301 compositum
1326 3217 1493 3298 apostatat

376 3333 479 3412 dedit;
513 3333 657 3413 alterum,
690 3333 777 3415 quod
800 3331 1016 3395 Bornemanni
1040 3332 1222 3395 coniectura
1245 3337 1369 3396 tantum
1393 3332 1493 3417 abest,

376 3451 413 3509 ut
435 3446 496 3509 loci
520 3444 739 3508 difficultatem
758 3444 855 3525 tollat,
876 3449 913 3507 ut
933 3463 1007 3507 eum
1027 3443 1121 3527 paulo
1143 3444 1254 3508 reddat
1266 3445 1492 3531 obscuriorem,

378 3560 463 3643 quod
499 3560 674 3642 unicuique
708 3557 879 3641 apparebit,
912 3559 968 3639 qui
1000 3576 1073 3621 eum
1105 3560 1284 3622 accuratius
1308 3560 1493 3643 inspexerit.

376 3673 557 3739 Parendum
589 3691 664 3756 ergo
696 3670 812 3735 Oobeto
837 3677 868 3735 et
891 3671 1062 3735 delendum
1085 3671 1230 3750 πρότερονε
1256 3691 1361 3756 neque
1383 3679 1491 3739 tamen

376 3788 427 3852 vel
459 3789 506 3851 sic
533 3787 640 3851 locum
674 3787 761 3850 omni
795 3787 871 3849 vitio
894 3805 1033 3849 vacuum
1058 3804 1127 3849 esse
1151 3786 1284 3849 credam.
1309 3786 1381 3851 Non
1406 3790 1492 3852 enim

377 3900 510 3976 θυόμενος
545 3900 600 3964 sed
634 3897 759 3979 θυομένῳ
796 3899 1000 3964 scribendum
1033 3918 1102 3963 esse
1134 3917 1264 3963 censeo:
1295 3920 1369 3963 nam
1396 3901 1492 3963 θύετννν

378 4015 455 4097 dur,
478 4012 533 4077 θύεν
556 4016 725 4098 haruspex.
749 4013 861 4097 Neque
885 4014 924 4077 ad
945 4032 1045 4077 meam
1066 4014 1255 4076 sententiam
1267 4013 1490 4078 infirmandam

377 4128 481 4192 afferri
504 4130 606 4212 patiar
627 4128 666 4211 V,
690 4129 719 4209 6,
745 4129 802 4191 18;
827 4128 912 4212 quod
937 4128 1022 4191 enim
1046 4126 1091 4190 ibi
1113 4127 1246 4210 legitur:
1271 4123 1318 4189 ὅτε
1339 4126 1394 4198 τὰς
1418 4125 1490 4190 δέκα

378 4240 488 4318 ἡμέρας
510 4241 648 4316 ἠλήθευσε
672 4239 804 4318 θυόμενος
828 4239 917 4321 Κύρῳ,
940 4246 1005 4304 tam
1024 4241 1179 4305 inutiliter
1198 4240 1350 4324 additum,
1361 4247 1491 4325 tamque

378 4356 540 4440 pueriliter
573 4359 776 4421 enuntiatum
805 4363 862 4438 est,
896 4361 931 4419 ut
963 4374 1027 4418 non
1058 4354 1209 4437 dubitem,
1233 4355 1311 4438 quin
1334 4374 1371 4418 ea
1393 4355 1491 4420 verba
