3352 5260
765 595 828 658 191

237 778 404 844 ferendum
425 774 771 858 θείεάοῦτωχαλετῦς
791 776 906 858 ἀρχει
926 772 1361 857 &absolutorium

240 892 323 974 §23
357 891 404 955 δεῖ
431 891 500 971 πρὸς
531 895 661 955 ταῦτα
691 889 907 970 διαμάχεσθαι.
939 890 1012 954 Νοι]
1036 896 1143 955 tamon
1165 894 1230 953 tam
1255 891 1366 952 incon-

240 1010 360 1070 stanter
388 1005 532 1069 locutum
565 1023 636 1069 osse
658 1003 819 1068 Socratem
842 1004 968 1088 liquido
993 1007 1123 1087 apparet
1146 1021 1188 1066 ex
1210 1002 1260 1083 iia,
1282 1019 1366 1084 quae

239 1117 331 1179 initio
361 1118 472 1200 eapitis
494 1116 528 1180 Π
550 1117 721 1201 leguntur:
746 1117 801 1181 ὑνιδ
825 1115 932 1180 τούτων
956 1110 993 1180 ὦν
1016 1114 1053 1179 σὺ
1076 1114 1229 1178 δεσποινῦν
1253 1119 1367 1185 καλεῖς.

237 1230 347 1314 Atque
367 1230 470 1294 faoilis
493 1230 624 1315 quidem
648 1235 697 1296 est
719 1231 898 1295 emendatio
924 1231 1096 1295 verborum
1118 1233 1220 1294 ταῦτα
1245 1230 1310 1310 (23)
1335 1232 1367 1292 et

239 1341 385 1406 δεσποτῶν
420 1345 494 1425 (22),
527 1363 601 1406 nam
638 1362 744 1426 neque
774 1342 983 1427 improbabile
1015 1349 1063 1408 est
1091 1341 1173 1406 illud
1202 1360 1220 1406 e
1251 1338 1366 1411 ταύτας

241 1461 350 1520 natum
378 1474 456 1538 esse,
479 1460 510 1520 et
531 1455 658 1520 facilius
683 1457 778 1520 etiam
802 1456 842 1520 nd
866 1455 1062 1520 credendum
1082 1459 1139 1538 eet,
1158 1454 1219 1517 hoo
1238 1453 1366 1536 stupido

240 1568 370 1632 librario
394 1569 510 1646 deberi,
534 1588 629 1652 quem
653 1569 810 1633 voeabula
832 1568 857 1632 οἱ
879 1568 934 1645 μὲν
948 1616 955 1632 .
970 1615 977 1631 .
991 1615 1021 1631 ..
1046 1567 1071 1632 οἱ
1093 1566 1134 1638 δὲ,
1156 1586 1238 1651 qnae
1259 1568 1366 1632 statim

243 1688 433 1767 sequuntur,
456 1683 491 1744 in
515 1700 653 1746 errorem
678 1681 875 1746 induxerint.
898 1681 961 1747 Sed
985 1681 1064 1765 quid
1084 1681 1243 1745 sententia
1262 1675 1366 1744 ἀοῦτω

242 1798 386 1874 χαλεπῶς
408 1791 494 1873 ἀρχει
520 1798 575 1857 τῦν
599 1794 752 1874 ἀνθρώπων
771 1789 808 1858 ὦν
827 1792 863 1856 θον
881 1792 1110 1874 ε’νιικηατνίσωσιν
1129 1793 1311 1857 faciendum
1326 1794 1368 1857 sit

241 1928 308 1972 non
331 1909 441 1972 video:
467 1915 649 1993 corruptam
674 1928 745 1974 esse
768 1911 895 1974 numeri
918 1911 1056 1974 varietas
1080 1909 1226 1973 declarat

287 2021 389 2106 Caput
418 2022 461 2104 Π,
493 2023 509 2084 l
542 2020 702 2102 ἀρκοῦντως
730 2022 807 2085 τοίνιι
832 2021 975 2100 μοιδοκῶ
999 2020 1040 2085 τίι
1064 2019 1214 2099 λεγόμενα
1237 2020 1293 2084 ὑπὸ
1315 2023 1367 2084 τοῦ

240 2133 405 2206 ἀκηκοέναι.
447 2135 522 2199 Non
563 2135 640 2200 dicit
671 2135 872 2201 Critobulus:
907 2155 967 2220 ego
1002 2141 1034 2200 te
1067 2136 1252 2219 loquentem
1288 2136 1367 2198 satis

241 2253 359 2312 attente
389 2249 509 2331 audivi,
536 2267 642 2332 neque
665 2249 725 2312 hoo
749 2250 777 2312 si
801 2248 905 2313 dioere
930 2249 1095 2331 voluisset,
1118 2248 1225 2312 verbis
1248 2244 1366 2326 ἀρκούν-

242 2383 299 2432 τως
329 2383 380 2424 οον
410 2359 526 2433 ἀκίκοα
558 2363 606 2425 uti
635 2364 800 2446 potuisset
830 2361 892 2426 Sed
922 2363 983 2426 hoo
1007 2363 1093 2426 vult:
1118 2360 1265 2426 sufficere
1288 2361 1366 2425 mihi

242 2473 402 2557 ridentur,
434 2494 516 2559 quoe
544 2493 586 2539 ex
609 2479 641 2538 te
663 2475 782 2558 audivi,
804 2476 824 2539 i.
838 2495 880 2539 a:
904 2474 1099 2554 ἀρκοῦντα
1121 2472 1200 2538 τάνν
1223 2495 1271 2550 μοι
1294 2472 1366 2536 δοκῦ

242 2583 282 2649 τά
315 2587 464 2664 λεγόμενα
497 2587 552 2652 ὑπὸ
583 2591 634 2652 τοῦ
665 2587 829 2660 ἀκηκοέναι,
863 2589 950 2672 quod
980 2588 1200 2672 reponendum
1231 2588 1367 2651 videtur.

242 2696 419 2778 ’Ληκοθντως
453 2697 568 2773 ἀκηκοά
602 2722 653 2763 σου
687 2702 716 2765 is
750 2702 941 2785 respondere
975 2706 1088 2785 potest,
1123 2702 1179 2784 qui
1216 2707 1365 2784 rogatur:

156 2829 158 2833 ·
242 2814 361 2876 satisne
395 2813 475 2877 bene
509 2814 620 2878 audire
651 2833 702 2878 me
732 2815 873 2898 potuisti,
904 2834 945 2878 an
976 2813 1035 2878 tibi
1067 2815 1219 2897 strepitus
1251 2813 1366 2878 molos-

243 2930 297 2990 tus
320 2926 405 2990 fuit?

287 3038 329 3121 H,
360 3041 388 3103 3.
418 3039 477 3116 ἐγὼ
502 3037 558 3115 μὲν
581 3031 672 3116 οἶμαι,
696 3038 721 3102 εί
743 3038 857 3116 ἀγαθοῦ
881 3040 990 3112 θνητοῦ
1013 3036 1194 3117 ἕτιτθχοιμι,
1217 3036 1307 3118 εὑρεῖν
1330 3035 1367 3101 ἀν

243 3173 293 3228 μοι
327 3152 379 3224 την
410 3151 499 3216 οἰκίαν
529 3150 581 3214 καί
613 3150 654 3215 τοὶ
684 3149 785 3217 ἐνίντα
817 3149 920 3215 πάντα
943 3149 1021 3216 ιιάνν
1044 3150 1144 3234 ῥηιδίως
1168 3149 1255 3214 πέντε
1278 3155 1366 3228 μνάς.

243 3265 293 3330 Ita
319 3264 459 3330 Cobetus
477 3284 534 3348 pro
557 3266 696 3330 absurdo
717 3263 769 3328 σὺν
788 3273 825 3345 τῇ
845 3264 919 3347 οἰκίην
938 3265 987 3328 καί
999 3262 1130 3348 τάθντα,
1142 3266 1229 3349 quod
1241 3265 1367 3330 codices

243 3379 404 3463 praebent.
440 3377 504 3442 Sed
536 3379 618 3442 levis
649 3378 806 3462 quaedam
837 3377 1009 3444 difficultas
1031 3384 1183 3443 remanet.
1207 3377 1368 3442 Videntur

243 3495 328 3557 enim
351 3494 435 3556 inter
457 3511 491 3556 se
514 3511 659 3576 pugnare
681 3490 797 3569 ἀγαθοῦ
821 3492 928 3564 θνητοῦ
952 3497 983 3556 et
1006 3489 1084 3556 τάνν
1107 3490 1217 3574 ῥηιδίως.
1241 3491 1326 3557 Nam
1339 3493 1367 3557 si

244 3606 327 3670 bona
359 3603 438 3670 νιάνν
474 3603 575 3687 ῥηιδίως
605 3603 723 3685 εὑρίσκει
754 3602 841 3668 πέντε
872 3611 960 3682 μνάη,
992 3608 1054 3671 isto
1086 3611 1171 3671 certe
1201 3607 1312 3690 pretim
1336 3609 1367 3670 ot

242 3720 406 3804 aliquanto
430 3721 557 3801 maiore,
581 3720 725 3784 omnium
750 3721 899 3803 opinione
923 3719 1009 3784 haud
1033 3719 1130 3783 dubie
1153 3719 1250 3802 digna
1273 3723 1365 3782 sunt:

242 3852 307 3897 non
338 3833 438 3917 igitur
461 3832 501 3896 ad
523 3851 593 3897 eam
615 3852 683 3897 rem
712 3831 844 3914 „bono”
867 3838 1009 3916 emptore
1033 3852 1114 3916 opus
1138 3836 1203 3911 θείς
1227 3833 1256 3896 is
1280 3833 1366 3896 enim

243 3948 322 4010 tanti
355 3947 440 4029 emit,
473 3948 585 4030 quanti
615 3951 740 4030 praetor
761 3947 868 4030 ipsum
891 3965 986 4011 nemo
1008 3964 1112 4010 emere
1137 3945 1221 4009 velit.
1245 3943 1366 4008 Viden·

243 4060 320 4124 dum
350 4079 425 4143 ergo
448 4061 531 4124 sitne
553 4059 724 4144 legendnm
749 4059 780 4124 οὐ
804 4059 855 4124 vel
877 4058 941 4123 οὐδὲ
963 4055 1042 4122 τάνν
1065 4055 1184 4140 ῥηιδίωςε
1211 4059 1257 4122 sio
1280 4059 1366 4122 enim

243 4172 282 4237 de
316 4173 385 4236 suis
421 4172 541 4236 divitiis
575 4172 612 4243 ἀς
646 4170 855 4252 είηωνικάτατα
885 4172 1036 4254 loquetur
1067 4169 1222 4246 SocrateS,
1251 4174 1283 4234 et
1305 4170 1366 4233 hoe

243 4285 340 4349 dicet:
376 4304 474 4366 „mea
504 4284 586 4350 bona
613 4287 641 4351 si
663 4287 809 4350 venirent
831 4285 978 4368 quinque
1004 4284 1101 4348 minis
1124 4282 1259 4347 fortasse
1282 4301 1366 4347 eme-
