3348 5262
762 619 826 682 293

225 807 256 868 et
284 797 355 866 εἶναι
385 807 436 868 τοῦ
468 802 614 881 λέγοντος,
647 806 724 885 sivo,
749 808 785 867 ui
817 807 866 866 est
889 802 975 886 apud
997 802 1258 886 Aristophanem,
1280 803 1349 884 πρὸς

221 916 270 980 τὸν
294 915 421 994 λέγοντα
444 914 609 995 κεχηνέναι.
635 914 827 980 Conferatur
845 917 994 999 egregius
1013 916 1105 987 loeus
1117 914 1348 982 Demosthenis

223 1028 283 1112 (01.
313 1029 350 1093 B.
380 1050 410 1113 p.
440 1029 482 1093 26
507 1028 616 1109 extr.):
641 1027 686 1091 δεῖ
705 1026 740 1100 δὴ
763 1031 863 1090 ταῦτα
887 1025 1050 1099 ε’πανέντας
1073 1025 1124 1090 καὶ
1150 1027 1231 1106 ὑμῶν
1254 1029 1350 1092 αὐτῶν

224 1139 266 1206 ἔτι
295 1140 348 1207 καὶ
380 1145 429 1206 νῦν
460 1140 631 1220 γενομένους
662 1141 750 1206 κωνίου
777 1138 830 1205 καί
854 1141 887 1205 τό
910 1139 1007 1218 λέγειν
1031 1139 1137 1206 καὶτὸ
1162 1139 1350 1218 βουλεύεσθαι

223 1253 275 1319 καὶ
299 1255 333 1319 τό
356 1252 493 1336 πρώττεω
515 1261 641 1328 πονῆσαι.

268 1368 342 1452 VII,
377 1371 428 1433 29.
462 1367 524 1432 ε’πεί
557 1367 615 1448 γόορ
649 1368 849 1448 κρατήσαντες
882 1375 919 1448 τῇ
955 1365 1116 1450 ναυμαχία
1146 1367 1186 1440 είς
1217 1366 1270 1440 τὴν
1292 1373 1349 1446 γῆν

223 1480 430 1546 κατέπλευσαν
458 1480 608 1561 Διομέδων
631 1481 686 1559 μὲν
709 1480 838 1546 ἐκέλευεν
861 1480 1050 1562 ἀναχθέντας
1073 1480 1120 1545 ε’πί
1143 1480 1228 1563 κέρως
1251 1479 1349 1546 ώπαν-

222 1618 280 1668 τας
313 1596 487 1675 ώνοωρεῖσθωε
521 1595 562 1659 τόν
596 1594 735 1673 ναυώγια.
772 1595 865 1672 Quod
901 1597 953 1660 hio
988 1595 1173 1660 Diomedon·
1205 1598 1349 1661 suasisse

223 1713 382 1800 sanetur,
413 1715 448 1774 ut
478 1729 578 1774 naves
604 1710 744 1774 iacerent
769 1715 974 1775 mortuorum
1000 1710 1216 1774 tollendorum
1242 1729 1349 1793 eausa,

222 1823 306 1887 idem
339 1826 373 1887 in
405 1824 515 1889 eadem
541 1843 576 1888 re
599 1825 744 1908 pediturn
769 1827 878 1908 copiae
901 1825 1026 1889 faciunt
1048 1825 1153 1890 Annb.
1174 1825 1232 1908 vi,
1258 1826 1287 1908 5,
1311 1826 1347 1889 5:

223 1936 275 2001 καί
306 1937 359 2006 τίον
389 1936 472 2017 οὐρίου
503 1939 554 2002 τοῦ
583 1935 702 2017 κέρατος
727 1935 917 2014 ποινσοίμενω
939 1936 1021 2002 κατόν
1043 1936 1110 2009 τοὺς
1132 1936 1260 2018 πρώτους
1284 1941 1349 2018 φω-

223 2047 325 2122 νέντας
361 2049 472 2130 νεκροὺς
505 2047 630 2115 ἔθαπτον
664 2048 782 2124 ποίντας
816 2048 935 2123 ὁπόσους
966 2047 1166 2129 ἐπελάμβανε
1196 2050 1229 2116 τό
1252 2048 1347 2130 κέρας.

222 2161 286 2227 ἐπεὶ
318 2163 349 2228 δὲ
380 2163 446 2236 τοὺς
476 2162 603 2244 πρώτους
625 2159 741 2243 ἔθαψαν
764 2162 986 2244 προαγαγόντες
1009 2164 1061 2226 καὶ
1085 2161 1139 2234 τίον
1163 2161 1245 2246 οὐρθον
1268 2156 1349 2235 αὖθις

222 2277 412 2355 ποιησόμενον
442 2276 522 2340 κατὰ
551 2274 619 2348 τοὺς
649 2275 777 2357 πρώτους
807 2279 864 2339 τών
886 2273 1015 2357 οξτοόφων
1037 2273 1162 2340 ἔθαπτον
1185 2276 1234 2344 τόν
1258 2276 1348 2341 αὐτὸν

221 2388 323 2471 τρόπον
345 2389 464 2462 όπόσους
486 2386 700 2468 ε’πελώμβανεν
723 2388 740 2461 ἡ
764 2387 900 2470 στρατνώ.

264 2503 339 2586 VH,
375 2503 425 2566 31.
460 2503 559 2566 οὐκοῦν
592 2501 700 2567 δίκαιον
733 2505 790 2565 τών
824 2502 880 2581 μὲν
914 2502 983 2582 πρός
1013 2501 1080 2573 τοὺς
1110 2501 1268 2581 πολεμίους
1304 2502 1348 2581 μθ

221 2619 320 2688 καλῶς
354 2613 543 2695 πραχθέντων
572 2615 639 2688 τοὺς
671 2616 739 2696 πρός
770 2613 887 2688 τούτους
910 2613 1081 2695 ταχθέντας
1105 2614 1227 2695 ὑπέχειν
1249 2613 1348 2693 λόγον.

220 2730 343 2794 Vereor
376 2736 414 2794 ut
446 2735 531 2795 reete
567 2731 692 2795 dietum
727 2732 768 2796 sit
802 2731 871 2803 πρὸς
901 2729 968 2802 τοὺς
999 2729 1157 2808 πολεμίους
1187 2730 1348 2810 ταχθῆναι,

222 2845 432 2928 suspicorque
462 2842 712 2928 Xenophontem
744 2845 912 2929 scripsisse
942 2843 1011 2923 πρὸς
1043 2847 1129 2907 τοῦτο
1160 2864 1202 2909 sc.
1227 2843 1260 2908 τό
1284 2842 1347 2921 μώ-

220 2956 336 3036 χεσθαν,
362 2957 450 3040 quod
472 2957 549 3021 latet
570 2959 606 3021 in
630 2959 686 3020 τών
709 2957 778 3038 πρὸς
801 2956 868 3028 τοὺς
892 2955 1049 3033 πολεμίους
1072 2954 1270 3036 πραχθέντων.

265 3071 339 3154 VII,
371 3073 422 3134 33.
453 3068 497 3147 uir
528 3069 629 3142 τοίνυν,
662 3065 682 3132 ὦ
712 3068 813 3150 ἄνδρες
837 3069 995 3142 Ἀθηναῖοι,
1020 3067 1088 3132 ἀντὶ
1112 3069 1168 3146 μὲν
1190 3076 1245 3143 τῆς
1269 3068 1349 3145 νίκης

220 3182 270 3247 καί
293 3190 347 3256 τῆς
370 3182 512 3262 εὐτυχίας
534 3180 621 3259 όμωα
643 3182 783 3256 ποιήσητε
805 3189 865 3254 τοῖς
884 3181 1056 3261 ἡττωμένοις
1076 3206 1110 3246 τε
1126 3180 1347 3262 καίώτυχοῡσν,

220 3294 287 3360 οΞντί
321 3294 352 3360 δὲ
385 3300 441 3378 τῶν
475 3297 508 3360 ἐκ
541 3297 602 3360 θεοῦ
636 3295 807 3373 σίναγκωίων
836 3296 1018 3374 ἀγνωμονεῖν
1050 3292 1162 3370 δόξητε,
1195 3296 1348 3378 προδοσίαν

220 3408 420 3487 καταγνόντες
443 3407 512 3473 cirri
535 3415 588 3483 τῆς
612 3408 791 3487 ώδυναμίας,
815 3411 873 3490 οὐχ
897 3409 1010 3482 ἱκανοὺς
1033 3409 1205 3488 γενομένους
1228 3409 1278 3475 δνσὶ
1299 3411 1349 3476 τόν

220 3526 357 3602 χειμῶνα
388 3518 499 3602 πρᾶξαι
528 3521 569 3586 τοὶ
598 3521 834 3602 τροςταχθέντα.
868 3523 1014 3588 Graviter
1045 3529 1234 3608 corruptum
1259 3526 1348 3588 huno

219 3637 328 3701 locum
354 3656 424 3701 esse
448 3655 545 3700 nemo
568 3655 634 3699 non
660 3639 773 3700 sentit:
799 3639 920 3721 optime
943 3638 1083 3702 sensisse
1106 3637 1258 3702 videntur
1281 3637 1347 3701 edi-

220 3755 313 3826 tores
348 3751 405 3833 qui
439 3768 515 3814 eum
549 3749 783 3814 obscurissima
815 3750 954 3833 quadam
988 3751 1249 3832 interpretatione
1271 3750 1348 3812 iliu-

221 3868 365 3927 strarent
399 3863 526 3928 scilieet.
560 3861 649 3939 Quae
681 3865 766 3927 enirn
799 3864 862 3927 ista
893 3864 1050 3946 oppositio
1076 3868 1139 3926 est:
1165 3861 1206 3925 τόν
1230 3862 1262 3926 ἐκ
1287 3863 1349 3927 θεοῦ

220 3976 379 4052 ἀναγκαῖα
401 3982 433 4040 et
454 3976 658 4054 οὶγνωμονεῖνῗ2
682 3979 737 4040 An
761 3978 879 4041 similis
901 3977 958 4058 illi,
984 3996 1067 4060 quae
1089 3977 1265 4060 praecedit:
1287 3975 1347 4050 νίκη

220 4087 272 4152 καί
296 4087 424 4167 εὐτυχία
448 4094 478 4153 et
501 4087 657 4165 ἡττημένον
680 4087 732 4153 καὶ
755 4089 962 4169 οίτυχοῖνντεςῗ
988 4087 1067 4165 Quis
1091 4089 1198 4153 credat
1220 4091 1255 4153 iu
1279 4109 1348 4154 ora·

221 4205 308 4266 tione
333 4204 519 4286 ceteroquin
543 4204 713 4286 perspicuo
733 4223 752 4266 a
771 4202 987 4287 Xenophonte
999 4203 1185 4267 istiusmodi
1198 4222 1347 4267 areanum

222 4321 254 4380 et
275 4316 473 4381 reconditam
499 4316 688 4399 sapientiam
712 4318 847 4400 positam
874 4316 968 4382 esse?
993 4315 1055 4381 Sed
1075 4316 1163 4381 unde
1181 4317 1237 4381 illa
1255 4337 1349 4382 voca-
