3348 5262
740 615 804 677 273

330 797 355 881 I,
380 799 440 861 36:
463 796 589 862 ἐπείθετο
622 805 659 878 τῇ
695 797 777 861 πόλει
810 797 889 860 οὐδὲν
920 797 1114 878 διαφερόντως
1145 797 1162 871 ἢ
1195 798 1218 862 εἰ
1240 799 1269 861 ἐν
1292 798 1332 878 τῷ

460 908 577 990 ἐφορείῳ
600 907 706 989 ἔτυχεν
730 909 821 982 ἑστὼς
846 910 927 991 παρα
950 911 1017 983 τοὺς
1040 909 1137 975 πέντε.

328 1022 371 1108 X,
406 1025 441 1088 l:
465 1025 565 1087 ταῦτα
598 1021 656 1101 γὰρ
691 1023 751 1102 οὐχ
786 1019 878 1104 ὥσπερ
914 1023 938 1086 εἰ
973 1024 1101 1104 θησαυρῷ
1139 1048 1184 1097 τις
1218 1023 1334 1104 ἐντύχοι

461 1135 667 1217 πλουσιώτερος
691 1135 746 1214 μὲν
769 1134 806 1199 ἂν
831 1133 883 1210 εἴη,
909 1137 1174 1217 στρατηγικώτερος
1200 1134 1230 1200 δὲ
1254 1137 1334 1201 οὐδὲν

462 1247 508 1323 ἴση,
529 1248 581 1314 καὶ
600 1250 623 1313 εἰ
643 1249 724 1314 κόσου
744 1249 775 1312 δὲ
794 1248 944 1327 πολεμίοις
957 1248 1143 1327 ἐμπεσούσης
1155 1249 1332 1330 κρατήσειεν,

460 1360 669 1442 εὐτυχέστερος
689 1362 744 1439 μὲν
761 1360 797 1426 ἂν
810 1359 861 1436 εἴη.
875 1363 1140 1444 στρατηγικώτερος
1153 1364 1184 1427 δὲ
1196 1363 1275 1428 οὐδὲν
1287 1362 1333 1427 σ’ὶη.

252 1476 351 1540 Plura
382 1474 511 1558 quidem
542 1479 671 1539 exstant
699 1477 799 1540 huius
827 1477 954 1559 generis
977 1478 1133 1561 exempla,
1157 1479 1213 1542 sed
1235 1478 1336 1541 multa

206 1609 316 1653 eorum
340 1588 543 1652 librariorum
566 1589 692 1652 incuria
716 1596 791 1652 nate
813 1589 974 1673 videntur,
998 1609 1057 1654 nec
1081 1590 1171 1655 lubet
1190 1590 1334 1655 encomio

207 1705 260 1767 isti
284 1703 478 1766 coniecturis
500 1702 692 1766 medicinam
716 1703 838 1767 afferre.

253 2233 322 2300 Iam
346 2236 431 2318 satie,
455 2239 492 2299 ut
515 2235 635 2318 opinor,
660 2237 798 2318 apparet,
820 2235 867 2297 mi
886 2235 993 2317 lector,
1013 2234 1100 2297 haud
1121 2234 1231 2298 deesse
1250 2253 1338 2297 arma

210 2347 337 2432 quibus,
373 2350 401 2412 si
435 2347 474 2413 de
507 2348 659 2431 scriptore
689 2347 834 2430 Agesilai
864 2347 1054 2412 certandum
1086 2351 1178 2429 esset,
1201 2347 1257 2429 illi,
1282 2347 1338 2430 qui

209 2462 408 2525 contendunt
427 2461 572 2525 libellum
593 2481 611 2523 a
630 2459 847 2543 Xenophonte
867 2462 1022 2544 scriptum
1036 2463 1102 2524 noh
1115 2479 1193 2542 esse,
1207 2479 1338 2524 oausam

209 2593 302 2638 suam
325 2574 540 2639 defenderent.
565 2572 627 2637 Sed
646 2572 766 2637 habent
784 2574 846 2636 hoo
866 2575 974 2637 omnia
994 2577 1192 2656 argumenta,
1212 2576 1249 2636 ut
1268 2573 1338 2656 ipsa

210 2705 319 2751 eorum
351 2689 523 2752 multitudo
546 2706 662 2751 causae
685 2692 798 2751 noceat
821 2688 923 2770 magis
949 2707 1046 2770 quam
1069 2687 1186 2770 prosit:
1212 2706 1287 2749 nam
1311 2687 1339 2749 si

208 2800 242 2862 in
266 2819 382 2884 magno
405 2819 540 2864 numero
564 2800 741 2864 volonum
763 2800 970 2883 deprehendit
990 2798 1102 2863 doctus
1122 2799 1229 2881 lector,
1251 2797 1337 2881 quod

210 2911 327 2977 falsum
358 2915 408 2996 sit,
439 2913 478 2978 de
501 2915 614 2978 ceteris
637 2932 768 2998 quoque
792 2913 938 2977 dubitare
960 2913 1083 2996 incipit.
1107 2911 1232 2976 Deinde
1254 2913 1340 2975 inter

209 3025 291 3108 illos,
326 3028 382 3110 qui
415 3025 664 3110 Xenophontem
700 3028 735 3089 in
770 3025 921 3089 manibus
952 3024 1068 3088 habere
1099 3025 1212 3107 solent,
1244 3023 1338 3086 multi

211 3140 342 3222 quidem
377 3144 461 3223 suut,
496 3141 552 3224 qui
584 3144 615 3204 et
647 3141 764 3223 scripta
795 3144 827 3203 et
858 3139 1021 3223 scriptoris
1044 3138 1185 3202 indolem
1209 3139 1337 3220 penitus

210 3256 336 3337 cognita
368 3253 495 3336 habent,
527 3253 583 3317 sed
616 3258 776 3337 quantum
809 3252 961 3336 quodque
984 3256 1211 3336 argumentum
1233 3251 1337 3315 valeat

211 3372 358 3432 accurate
381 3367 576 3451 perpendere
595 3386 702 3450 neque
721 3367 835 3430 volunt
853 3384 959 3449 neque
979 3370 1102 3430 curant.
1124 3364 1232 3441 Quum
1252 3366 1340 3429 enim

213 3482 316 3545 sciant
348 3480 415 3545 fere
446 3481 573 3544 nullum
605 3480 644 3544 de
675 3480 741 3544 ulla
770 3499 805 3544 re
835 3485 1061 3564 argumentum
1084 3478 1227 3563 proferri,
1251 3479 1339 3562 quod

212 3593 362 3658 omnibus
382 3612 483 3676 aeque
505 3613 602 3678 grave
625 3612 695 3658 esse
718 3598 749 3656 et
773 3594 885 3665 eodem
908 3593 1038 3657 tendere
1061 3593 1210 3656 videatur
1233 3593 1340 3655 omnia

210 3707 273 3770 ista
299 3705 435 3789 „docta”
449 3707 471 3788 ¹)
496 3711 683 3791 argumente
706 3709 856 3790 suspecta
881 3706 1007 3789 habent,
1031 3724 1137 3789 neque
1160 3706 1202 3788 id,
1225 3705 1343 3787 hercle,

212 3839 338 3904 semper
370 3822 495 3884 iniuria.
526 3819 612 3904 Ergo
645 3825 682 3884 ut
715 3819 827 3884 eodem
852 3819 919 3884 fere
940 3819 1077 3900 redeam,
1101 3818 1188 3882 unde
1210 3819 1338 3880 initium

211 3933 282 4018 faci,
316 3933 469 3998 confiteor
502 3953 553 3998 me
585 3939 616 3999 et
654 3936 763 4017 ipsum
796 3935 831 3996 in
856 3931 1108 4017 quaestionibus
1131 3931 1235 4015 qualis
1263 3931 1340 3994 haec

213 4053 261 4113 est
284 4049 323 4113 de
344 4048 505 4133 Agesilae,
528 4048 616 4111 iham
641 4066 683 4111 ex
700 4049 778 4111 artis
797 4047 975 4130 praeceptis
994 4044 1233 4108 demonstrandi
1245 4045 1341 4108 ratio-

246 4331 273 4398 l)
292 4331 378 4385 Germ.
400 4329 689 4400 „wissenschaitlichc”.
