3354 5268
737 655 778 718 79

244 947 429 1030 Antequam
451 947 491 1011 ad
514 947 632 1011 librum
656 949 806 1031 quintum
830 954 990 1014 transeam
1011 969 1085 1015 oum
1102 950 1317 1016 lectoreoom-

200 1059 379 1142 munioabo,
415 1079 496 1143 quae
534 1061 696 1125 molestiae
733 1081 783 1127 me
815 1063 848 1125 in
881 1065 1063 1128 narratione
1088 1063 1224 1148 quadarn
1247 1064 1322 1129 libri

201 1175 308 1256 quarti
340 1173 473 1258 legenda
508 1173 563 1237 diu
597 1175 809 1257 exercuerint,
841 1182 873 1239 et
904 1196 968 1259 quo
1000 1177 1092 1240 modo
1117 1197 1170 1242 eas
1193 1178 1320 1243 tandem

201 1285 371 1369 aliquando
406 1287 573 1351 sustulisse
610 1288 689 1350 mihi
727 1289 841 1352 videar.
879 1288 1065 1374 Operaeque
1099 1293 1237 1375 pretium
1270 1311 1320 1357 me

199 1399 358 1464 facturum
383 1400 485 1483 crede,
508 1421 583 1464 nam
609 1420 649 1465 ne
672 1403 706 1463 in
730 1402 923 1467 editionibus
944 1405 1073 1487 quidem
1093 1424 1266 1488 puerorum
1285 1408 1319 1470 in

201 1533 296 1577 usum
331 1514 521 1597 compositis
554 1514 732 1597 quidquam
764 1516 874 1579 inveni
906 1515 991 1599 quod
1014 1535 1084 1581 eam
1107 1519 1319 1584 narrationem

203 1628 279 1690 satis
307 1626 487 1708 illustraret,
516 1631 676 1691 ettamen
700 1629 819 1692 amieos
842 1648 929 1693 meos
955 1628 1073 1694 Graece
1096 1630 1176 1696 bene
1202 1631 1320 1714 doctos,

204 1759 294 1823 quos,
318 1746 355 1804 ut
385 1740 472 1804 soleo
495 1740 607 1821 facere,
631 1741 670 1805 de
693 1761 731 1806 ea
753 1742 909 1824 consului,
932 1743 1047 1806 iisdem
1071 1743 1320 1828 difficultatibus,

203 1852 319 1936 quibus
343 1872 394 1917 me
419 1855 519 1917 teneri
544 1855 688 1937 cognovi.
711 1854 964 1938 Explicationem
990 1862 1097 1920 autem
1119 1877 1212 1940 quam
1234 1877 1321 1922 nuno

203 1966 313 2029 lectori
343 1986 528 2050 proponam,
562 1986 708 2051 quaeque
735 1968 814 2031 mihi
837 1969 914 2032 satis
936 1969 1049 2053 placet,
1072 1989 1136 2032 non
1159 1971 1238 2033 mihi
1261 1971 1320 2034 soli

201 2081 345 2143 vindico:
370 2101 518 2164 magnam
540 2083 610 2144 eius
627 2086 746 2164 partem
773 2081 958 2146 Lehmanno
980 2101 1049 2146 meo
1070 2082 1185 2162 debe03
1206 2086 1319 2148 ceteris

203 2195 287 2257 enim
318 2195 465 2278 ignorare
498 2213 532 2258 se
554 2194 727 2259 fatentibus
752 2196 790 2258 ad
814 2196 905 2259 illum
931 2202 1081 2279 tanquam
1107 2196 1146 2258 ad
1169 2196 1320 2259 ultimum

202 2307 395 2390 praesidium
418 2308 555 2391 confugi.
579 2307 642 2371 Sed
666 2317 730 2392 quo
752 2311 852 2392 magis
874 2316 1031 2393 appareat,
1052 2328 1116 2392 quo
1134 2308 1227 2372 modo
1240 2310 1321 2371 aoei-

201 2422 317 2505 pienda
339 2422 417 2484 mihi
441 2441 528 2485 nuno
552 2440 589 2485 ea
609 2422 786 2504 videantur,
808 2441 891 2506 quae
910 2407 985 2485 olim
1006 2423 1142 2486 obscura
1162 2423 1241 2485 mihi
1254 2422 1321 2486 visa

202 2539 286 2616 sunt,
317 2539 413 2598 totam
443 2535 530 2599 illam
562 2537 773 2600 narrationem
805 2538 921 2619 raptim
945 2554 1137 2620 percurram,
1159 2536 1321 2620 paulisper

201 2648 380 2714 subsistens
411 2652 444 2713 in
468 2650 508 2714 iis
532 2651 646 2722 uerbis,
670 2652 710 2714 de
734 2652 852 2734 quibus
875 2651 983 2734 aliqua
1005 2652 1107 2734 possit
1130 2669 1199 2714 esse
1224 2648 1318 2713 dubi-

201 2766 285 2827 tatio.
308 2764 441 2827 lnitium
465 2783 539 2848 ergo
562 2764 742 2828 faciendum
766 2770 814 2829 est
838 2786 855 2828 a
879 2765 898 2846 ὅ
923 2766 965 2827 23
990 2766 1102 2848 eapitis
1130 2765 1251 2847 quinti:

245 2875 468 2960 Xenophontis
502 2878 618 2942 milites
653 2883 725 2962 post
757 2877 888 2961 longum
921 2883 952 2941 et
983 2877 1110 2941 difficile
1132 2871 1195 2961 per
1210 2879 1317 2940 nivem

200 2991 260 3054 iter
282 2991 381 3054 latum
407 2992 608 3074 conspiciunt
632 3010 779 3075 campum
800 2992 928 3074 plenum
950 3011 1113 3075 pagorum,
1132 2992 1316 3073 inquorum

200 3124 303 3167 unum
335 3105 398 3167 iam
434 3102 649 3187 Chirisophus,
682 3107 738 3189 qui
767 3107 888 3188 primos
920 3105 1047 3168 ordines
1078 3104 1220 3184 ducebat,
1244 3123 1318 3167 oum

200 3216 356 3280 militibus
391 3219 458 3282 suis
487 3218 589 3301 pridie
620 3219 797 3283 advenerat.
830 3217 931 3282 Ceteri
963 3219 1060 3282 duces
1084 3218 1259 3283 decernunt
1283 3223 1319 3282 ut

201 3331 321 3413 singuli
352 3331 479 3395 ordines
502 3351 558 3415 per
582 3338 702 3396 eeteros
726 3352 823 3416 pagos
846 3332 1039 3415 dividantur,
1063 3331 1166 3415 deque
1188 3333 1228 3394 iis
1252 3351 1319 3395 sor-

200 3447 265 3506 tem
285 3443 415 3507 duount.
434 3443 620 3525 Polycrates
640 3465 714 3529 ergo
735 3446 950 3528 Atheniensis,
970 3447 1064 3509 venia
1076 3465 1094 3508 a
1106 3443 1319 3528 Xenophonte

200 3556 375 3639 impetrata,
394 3559 427 3619 in
448 3577 522 3622 eum
542 3578 671 3642 pagum,
693 3561 748 3642 qui
768 3559 975 3642 Xenophonti
995 3559 1156 3642 obtigerat,
1169 3558 1319 3640 excurrit,

200 3670 310 3754 ibique
345 3690 455 3735 omnes
489 3671 610 3735 incolas
645 3691 719 3735 cum
754 3672 910 3756 praefecto
945 3675 1080 3757 eiusque
1111 3671 1174 3735 lilia
1206 3689 1318 3735 reeens

199 3788 301 3866 nupta
332 3783 545 3866 deprehendit.
579 3782 649 3859 Quo
680 3791 850 3869 postquam
873 3784 1052 3868 Xenophon
1078 3785 1206 3849 advenit
1228 3801 1318 3866 prae-

200 3896 317 3959 fectum
349 3896 460 3976 (κώμης
488 3894 587 3975 ἄρχων
611 3898 788 3981 appellatur
810 3899 829 3980 ὅ
855 3900 906 3981 28,
929 3897 1088 3977 κώμαρχος
1112 3898 1131 3979 ξ
1155 3898 1208 3978 24)
1233 3895 1317 3959 bono

201 4011 307 4073 animo
331 4029 400 4074 esse
423 4008 526 4073 iubet:
553 4030 616 4073 non
641 4011 725 4074 enim
750 4029 820 4074 esse
844 4011 1049 4074 metuendum
1073 4029 1113 4073 ne
1131 4008 1317 4093 liberisspo·

200 4123 296 4188 lietur
325 4126 410 4207 (ergo
445 4124 464 4204 ᾗ
496 4125 538 4186 24
574 4125 658 4188 inter
692 4121 834 4200 κωμήτας
866 4128 897 4186 et
925 4121 1008 4185 tilios
1037 4121 1186 4206 praefecti
1216 4120 1317 4185 fuisse

199 4237 440 4320 intelligendum
464 4239 532 4319 est),
558 4238 622 4314 sed,
645 4239 672 4302 si
694 4236 770 4300 boni
794 4237 885 4299 ducis
907 4235 1060 4320 fungatur
1079 4233 1191 4317 officie,
1213 4235 1315 4299 donec

201 4352 241 4416 ad
271 4353 364 4416 aliam
395 4356 522 4436 gentem
547 4349 757 4434 pervenerint,
782 4349 919 4414 Graecos
942 4368 1015 4413 eum
1038 4350 1124 4434 large
1150 4356 1180 4413 et
1202 4349 1316 4418 libera·
