3352 5260
868 581 932 644 178

327 769 393 832 illis
422 766 624 851 iungendum
653 783 724 830 esse
746 764 905 846 censebat,
927 771 960 828 et
981 762 1187 828 Oeconomioi
1211 784 1342 848 prorsus
1364 765 1457 829 atiud

329 880 369 944 ab
400 881 530 962 illisque
561 878 725 942 diversum
747 882 816 942 erat
838 877 1019 959 consilium,
1043 881 1151 941 tamen
1174 879 1216 942 iis
1238 877 1346 942 verbis
1368 897 1459 941 com·

329 995 445 1078 posuit,
484 997 520 1056 ut
554 992 655 1055 videri
688 995 820 1074 possent
850 990 890 1054 ed
918 990 1004 1054 idem
1037 991 1227 1074 scriptorum
1259 1010 1363 1074 genus
1385 1009 1458 1056 esse

330 1105 497 1188 referendi,
531 1105 618 1189 quod
651 1103 824 1168 lectoribus
857 1105 922 1167 iam
952 1111 1066 1169 notum
1097 1102 1332 1188 probatumque
1363 1109 1457 1168 66661.

331 1217 454 1282 Verum
497 1222 534 1280 ut
568 1216 666 1282 libere
702 1217 781 1300 quid
816 1217 952 1280 seutiam
985 1216 1175 1300 proloquar:
1209 1217 1343 1301 indigna
1377 1217 1457 1280 mihi

331 1333 393 1396 ista
422 1329 579 1415 particula
600 1327 632 1393 δέ
655 1329 792 1414 videtur,
818 1348 902 1414 quae
925 1329 981 1393 diu
1003 1349 1064 1394 nos
1087 1334 1230 1394 moretur
1254 1329 1457 1395 molestinsve

333 1444 427 1509 nobis
452 1444 597 1509 facessat

376 1556 433 1620 IV.
468 1556 702 1622 Gravissimum
737 1574 813 1620 vero
849 1555 995 1619 omnium
1030 1555 1112 1619 iliud
1146 1560 1371 1639 argumentum
1401 1561 1460 1638 eet,

334 1670 421 1753 quod
455 1671 519 1733 iam
551 1669 645 1733 multi
677 1668 862 1749 attulerunt,
895 1667 1047 1751 quodque
1071 1669 1193 1732 nemini
1215 1669 1362 1753 ignotum
1387 1687 1459 1733 esse

334 1783 444 1866 possit,
480 1783 537 1865 qui
572 1786 719 1845 accurate
754 1779 1001 1845 Oeconomioum
1033 1780 1153 1864 legerit,
1184 1787 1241 1844 aut
1270 1800 1312 1846 ex
1344 1801 1460 1865 magna

334 1894 502 1979 librorum,
526 1895 582 1978 qui
606 1894 645 1959 de
667 1893 882 1977 Xenophonte
905 1894 1015 1977 scripti
1038 1898 1174 1971 exstant,
1195 1895 1286 1978 copia
1305 1915 1407 1959 unum
1427 1899 1461 1960 et

336 2009 472 2074 alterum
494 2009 680 2094 inspexerit.
698 2007 858 2091 Loquitur
877 2007 1006 2092 quidem
1024 2009 1061 2070 iu
1081 2006 1292 2073 Oeconomico
1305 2008 1460 2092 Socrates,

336 2141 516 2208 magnaque
552 2123 777 2207 disputationis
807 2140 882 2205 pars
912 2121 960 2184 1111
991 2119 1152 2204 tribuitur,
1174 2141 1286 2186 rerum
1309 2142 1354 2200 ea,
1377 2142 1461 2206 quae

337 2237 429 2301 docet
453 2255 517 2300 non
537 2234 696 2299 Socratica
718 2238 802 2316 sunt,
821 2234 878 2298 sed
896 2232 1138 2318 Xenophonteo
1159 2233 1257 2298 Suam
1271 2234 1459 2317 doctrinam,

336 2369 494 2432 suumque
520 2349 666 2432 peritiam
690 2349 842 2431 magistro
865 2346 994 2430 praebet
1016 2345 1212 2431 Xenophon:
1239 2348 1278 2412 de
1296 2348 1360 2412 illis
1383 2367 1459 2413 eum

338 2461 436 2526 rebus
469 2461 595 2524 inducit
626 2461 851 2544 disputantem,
880 2461 915 2521 in
942 2458 1061 2542 quibus
1082 2460 1152 2543 ipse
1176 2460 1232 2523 diu
1255 2461 1461 2544 multumque

339 2578 388 2638 cst
419 2578 574 2655 versatus,
600 2572 655 2636 scd
677 2574 712 2636 in
737 2571 855 2655 quibus
879 2571 1039 2636 Socratem
1063 2572 1220 2656 hospitem
1242 2573 1342 2638 fuisse
1365 2593 1460 2638 nemo

339 2686 514 2772 ignorabat.
548 2686 615 2750 Iam
651 2706 688 2751 eo
723 2688 852 2750 nominc
887 2688 943 2750 vix
977 2686 1030 2750 illa
1062 2685 1318 2751 Memorabilium
1353 2691 1458 2773 capita

339 2801 536 2884 (praesertim
559 2799 593 2863 L
615 2799 674 2882 111,
700 2802 729 2884 5,
753 2801 784 2881 6)
806 2798 940 2884 probare
962 2819 1145 2884 possumus,
1168 2799 1225 2864 ubi
1248 2800 1370 2866 Socrati
1390 2802 1461 2866 illa-

337 2933 410 2977 rum
442 2915 559 2978 artium
592 2912 745 2976 tribuitur
767 2913 889 2994 notitia,
912 2912 1086 2995 inquibus
1108 2914 1177 2997 ipse
1199 2914 1328 2996 quidem
1351 2914 1463 2980 Xeno-

338 3027 425 3110 phon
445 3025 606 3110 regnabat,
626 3026 684 3091 scd
703 3046 783 3108 quas
804 3024 949 3090 Socrates
961 3044 1067 3109 nequo
1078 3026 1212 3091 cadebat
1224 3046 1329 3111 neque
1340 3028 1462 3092 discere

338 3145 468 3224 poterat.
491 3143 545 3203 An
566 3139 653 3203 tibiis
676 3158 789 3204 canere
807 3139 878 3203 ideo
899 3138 1061 3203 nesciebat
1080 3138 1234 3223 Socrates,
1256 3142 1342 3225 quod
1354 3160 1462 3226 neque

342 3273 487 3338 unquam
522 3255 591 3337 ipse
625 3252 720 3317 tibias
753 3251 945 3336 possederat,
979 3271 1085 3336 nequa
1120 3255 1291 3338 quisquam
1326 3257 1355 3320 ei
1385 3275 1462 3320 suus

339 3367 602 3448 commodaverat,
625 3366 817 3450 hoplitarum
837 3366 1109 3450 peltastarumque
1129 3387 1225 3432 usum
1245 3369 1463 3452 perspiciebat,

341 3499 537 3564 quamquam
569 3481 638 3564 ipse
668 3479 759 3543 nullo
783 3498 930 3562 unquam
952 3478 1083 3544 functus
1106 3485 1174 3544 erat
1195 3482 1351 3566 imperio?
1376 3480 1462 3557 Quid

341 3612 417 3657 voro
453 3592 492 3657 de
523 3590 785 3656 Memorabilibus
814 3591 1024 3655 iudicandum
1054 3597 1146 3675 esset,
1168 3594 1199 3658 si
1221 3599 1306 3658 totus
1330 3594 1461 3678 quidem

340 3705 421 3769 liber
452 3706 592 3789 scriptus
623 3709 706 3770 66661
736 3706 771 3768 in
801 3703 940 3769 Socratis
962 3704 1125 3788 honorem,
1147 3708 1241 3770 tertia
1263 3712 1369 3772 autem
1391 3709 1463 3772 eius

341 3838 415 3902 pars
446 3818 527 3882 nihil
548 3819 734 3899 contineret,
757 3817 844 3901 quod
865 3836 933 3881 non
955 3836 974 3881 6
993 3816 1218 3902 Xenophontis
1240 3821 1342 3903 magis
1366 3840 1462 3903 quarn

342 3950 360 3996 e
383 3930 522 3995 Socratis
544 3932 672 4014 ingenio
696 3936 780 3996 66661
803 3930 923 3994 dictum
949 3929 1289 4016 demonstratumque?

388 4041 481 4118 Quod
503 4049 610 4108 autem
635 4043 778 4107 dicebam
796 4041 1020 4126 Xenophontis
1040 4061 1103 4106 non
1124 4042 1261 4108 Socratis
1274 4045 1463 4128 sapientiam

345 4177 422 4234 esse,
457 4177 540 4241 quae
571 4155 781 4221 Oeconomico
809 4156 955 4238 traditur,
984 4155 1017 4219 id
1049 4174 1161 4220 verum
1185 4159 1321 4222 asscita
1344 4160 1462 4242 optime

344 4268 515 4355 apparebit,
546 4271 573 4334 si
604 4269 685 4334 duas
714 4270 803 4334 illius
834 4267 910 4332 iibri
934 4270 1067 4334 virtutes
1090 4270 1143 4334 hic
1163 4272 1356 4358 indicavero,
1380 4291 1464 4357 quae
