3348 5262
864 602 930 666 218

330 787 403 852 est?
426 784 510 850 Olim
535 787 596 850 viri
619 787 712 869 docti,
733 788 768 850 in
791 806 930 871 querum
949 787 1455 852 uumerohoneriseansanemi-

330 901 430 965 naudi
452 906 529 965 sunt
551 899 766 966 Schneiderus
790 906 821 967 et
844 901 1018 984 Weishius,
1040 900 1287 985 Xenophontem
1309 900 1454 965 Platonis

330 1015 485 1081 Convivie
516 1035 613 1081 usum
641 1035 711 1081 esse
734 1018 898 1080 communi
923 1017 1081 1082 sententia
1103 1013 1317 1094 affirmabant,
1341 1018 1452 1079 nestro

330 1133 471 1211 tempere
512 1129 674 1213 plerisque
707 1129 837 1213 Hugius
871 1130 1039 1214 persuasit,
1073 1127 1297 1212 Xenophontis
1334 1126 1453 1191 librum

328 1240 493 1305 Platonico
526 1247 628 1306 aetate
657 1244 811 1307 maiorem
842 1261 929 1323 esse,
961 1261 1158 1326 quamquam
1182 1259 1247 1304 nen
1272 1239 1453 1322 defuerunt,

328 1356 386 1438 qui
420 1357 614 1420 ceutronum
651 1355 863 1432 defenderent,
893 1375 1031 1440 querum
1062 1375 1164 1420 unum
1188 1352 1370 1437 nominabo,
1394 1356 1454 1438 qui

328 1471 444 1532 πολλῶν
474 1465 612 1542 ἀντάξιος
641 1467 741 1532 ἄλλων
770 1475 826 1552 est,
849 1469 882 1534 O.
906 1469 940 1534 F.
962 1468 1195 1552 Romanunm,
1216 1469 1453 1552 praestantissi-

327 1603 418 1648 mum
451 1583 596 1648 Platonis
632 1585 793 1648 editorem.
825 1583 962 1649 Multina
991 1585 1175 1649 etiamnunc
1199 1584 1370 1666 supersint,
1394 1583 1453 1666 qui

327 1697 363 1760 iu
393 1701 541 1760 neutram
564 1701 685 1780 partem
709 1697 864 1762 inclinent
887 1698 1004 1779 nescio,
1027 1697 1083 1762 sed
1105 1715 1212 1780 neque
1234 1715 1309 1760 cum
1331 1694 1452 1779 Hugie,

327 1826 433 1892 neque
456 1828 531 1872 cnm
555 1808 742 1874 Hermanno
764 1811 867 1875 facere
890 1830 993 1875 unum
1017 1811 1163 1894 cognovi,
1185 1814 1298 1892 estque
1320 1810 1349 1873 is
1369 1809 1453 1872 nulli

326 1940 447 2004 eorum,
471 1923 526 2006 qui
549 1943 694 2006 unquam
716 1923 846 1988 Platoni
867 1929 900 1988 et
917 1922 1125 2007 Xenophonti
1143 1941 1271 2006 operam
1291 1921 1452 1986 dederunt

326 2034 474 2116 inferior3
504 2035 747 2101 celeberrimum
771 2037 863 2101 illum
887 2037 957 2101 dice
980 2036 1132 2100 historiae
1155 2034 1293 2100 Graecae
1317 2035 1451 2118 scripte·

326 2166 402 2230 rem,
435 2127 616 2233 Anglorum
649 2150 784 2233 gloriam
819 2150 983 2234 decusque
1016 2149 1178 2214 Greteum.
1208 2147 1277 2212 Iam
1308 2148 1388 2211 haec
1410 2148 1450 2212 de

327 2263 534 2346 quaestionis,
557 2269 595 2327 ut
616 2265 661 2327 ita
683 2264 796 2344 dicam,
818 2263 951 2328 historia
974 2261 1121 2326 sufficere
1140 2263 1260 2345 opinor.
1280 2261 1333 2324 Ad
1344 2263 1448 2344 ipsam

326 2376 544 2459 quaestionem
568 2375 802 2440 transeundum
825 2381 882 2440 est.

369 2488 456 2552 Ante
490 2493 554 2552 tres
588 2487 653 2552 lere
687 2508 789 2553 annes
823 2488 987 2553 Gustavus
1021 2487 1273 2552 Teichmiillerus
1308 2487 1445 2551 alterurn

325 2601 476 2665 volumen
509 2603 544 2664 in
577 2601 682 2666 lucem
705 2602 804 2666 edidit
826 2601 900 2666 libri
926 2602 992 2683 ,de
1013 2602 1126 2666 litibus
1148 2600 1328 2683 literariis”,
1352 2601 1446 2664 cuius

324 2715 446 2778 nemini
468 2715 542 2779 licet
564 2734 634 2780 csse
657 2716 815 2799 ignarum,
839 2719 895 2799 qui
919 2715 1029 2780 sedulo
1042 2715 1209 2779 Platonem
1221 2715 1327 2798 legera
1338 2714 1447 2779 soleat.

323 2827 406 2891 Nam
431 2836 461 2892 et
484 2831 617 2912 scriptor
640 2830 734 2894 home
758 2834 815 2912 est,
838 2831 896 2912 qui
917 2849 1015 2914 supra
1037 2829 1155 2912 vulgus
1176 2830 1318 2892 virorum
1340 2828 1445 2893 docte-

323 2961 396 3006 rum
418 2944 527 3027 sapiat,
551 2947 582 3007 et
604 2945 801 3026 argumentis
820 2945 922 3007 utitur
941 2943 981 3007 ad
992 2941 1248 3027 persuadendum
1262 2943 1445 3026 aptissimis,

323 3059 355 3117 et
389 3073 464 3118 oum
498 3075 624 3119 summa
657 3057 829 3139 sagacitate
858 3075 895 3120 ao
925 3056 1089 3139 diligentia
1121 3054 1265 3138 undique
1287 3055 1444 3118 collectis:

323 3167 445 3231 accedit
467 3167 517 3232 his
540 3187 611 3231 rara
632 3168 727 3232 hedie
745 3170 780 3232 in
799 3170 893 3233 terris
912 3171 1014 3233 virtus
1034 3169 1194 3252 eleganter
1213 3169 1445 3252 perspicueque

323 3277 490 3342 scribendi.
515 3273 685 3344 Contendit
706 3285 812 3346 autem
835 3281 1096 3364 Teiehmiillerns,
1118 3281 1285 3346 Platonem
1307 3282 1445 3365 intelligi

322 3410 388 3454 non
409 3410 512 3474 pesse,
536 3394 599 3457 nisi
620 3394 720 3458 laeter
742 3395 896 3458 rationem
920 3393 1035 3459 habeat
1056 3395 1171 3475 litium,
1195 3414 1276 3477 quas
1294 3394 1349 3458 ille
1369 3413 1442 3459 eum

322 3504 510 3588 aequalibus
545 3508 612 3571 suis
645 3510 839 3573 exercuerit:
874 3528 944 3572 eam
975 3509 1061 3573 enim
1083 3508 1184 3572 fuisse
1206 3507 1345 3572 indolem
1370 3506 1443 3571 Pla-

321 3620 416 3700 tonis,
450 3625 582 3703 tamque
612 3638 685 3684 eum
719 3639 796 3684 suae
826 3620 887 3685 sibi
910 3621 1011 3686 fuisse
1034 3621 1246 3705 praestantiae
1268 3622 1444 3702 conscium,

322 3735 359 3795 ut
379 3732 462 3796 ferre
485 3733 542 3796 vix
565 3739 680 3817 posset,
701 3733 780 3798 alios
800 3734 1443 3818 docendaeinstituendaequeiuveututis

320 3865 441 3910 munus
476 3848 647 3930 suscipere,
681 3848 819 3930 pessime
853 3866 927 3912 vere
962 3847 1089 3929 edisset,
1124 3852 1349 3930 contemneret,
1383 3867 1443 3933 pre

321 3959 420 4022 nihile
455 3960 586 4024 duceret
615 3979 734 4037 omues,
765 3962 822 4043 qui
853 3962 1028 4024 doctrinam
1060 3961 1252 4026 Socraticam
1276 3961 1443 4046 discipulis

319 4073 387 4136 suis
420 4072 544 4136 hadere
574 4092 675 4156 quum
705 4073 868 4156 auderent,
891 4074 931 4138 ad
961 4075 1065 4158 ipsius
1087 4075 1251 4157 fastigium
1274 4075 1353 4138 eniti
1376 4094 1442 4139 nen

319 4191 457 4269 possent,
487 4186 625 4268 ideoque
655 4205 720 4250 nen
748 4186 853 4251 selum
877 4207 946 4252 eam
970 4187 1109 4252 Socratis
1132 4189 1303 4272 imaginem
1327 4207 1442 4271 prope-

321 4317 397 4363 nere
426 4317 493 4362 nen
517 4299 667 4383 valerent,
689 4301 724 4364 in
747 4320 813 4384 qua
836 4319 946 4366 omnes
970 4302 1040 4366 eius
1064 4302 1199 4367 virtutes
1222 4302 1443 4385 conspiceren-
