3348 5262
858 597 923 662 242

323 787 410 850 enim
444 789 493 850 ost
527 781 689 860 οὶναμείννις
723 783 766 864 τὸ,
791 782 936 866 δεηθῆναι)
971 781 1186 864 προςφέραμαι,
1220 806 1318 870 quam
1350 807 1453 871 quum

324 899 433 982 aliquo
457 897 528 961 cibo
552 898 714 981 exquisito
739 903 819 961 utar.
843 896 926 962 Tum
950 898 1080 963 demum
1104 899 1227 982 aliquid
1250 900 1342 982 dicet,
1366 902 1456 985 quod

328 1018 438 1096 aptum
462 1010 611 1096 praebeat
633 1030 775 1092 sensum,
798 1011 827 1074 si
849 1015 922 1094 post
945 1009 1153 1091 προςφέρωμαι
1171 1015 1329 1078 insertum
1350 1017 1411 1080 orit
1430 1038 1459 1079 τι

327 1129 383 1189 τῶν
414 1122 548 1205 Φαύλων,
581 1124 630 1190 vel
662 1127 719 1187 τῶν
749 1121 919 1204 ἀρκούντων,
952 1124 1002 1190 vel
1034 1125 1191 1190 eiusmodi
1219 1127 1350 1210 aliquid.
1374 1127 1458 1192 Nam

327 1258 433 1323 noque
465 1237 600 1302 verbum
630 1235 836 1317 σροςφέρομαι
868 1239 914 1302 sic
946 1238 1016 1303 sine
1044 1237 1167 1303 obiecto
1191 1241 1267 1323 poni
1291 1244 1404 1324 potest,
1428 1247 1460 1305 et

330 1353 390 1415 hoo
420 1352 492 1416 vult
521 1351 747 1416 Antisthenes:
775 1369 866 1432 „non
890 1349 1018 1416 Siculae
1043 1352 1140 1436 dapes
1165 1353 1292 1418 dulcem
1316 1353 1460 1419 elabora-

331 1464 413 1529 bunt
446 1463 624 1549 saporem”‚
658 1463 715 1528 sed
748 1463 850 1528 fames
885 1466 979 1528 etiam
1012 1465 1208 1548 quotidianis
1239 1466 1319 1530 cibis
1351 1467 1461 1531 condi·

331 1582 440 1643 mento
465 1583 522 1642 est

374 1691 432 1772 IV,
463 1693 515 1755 45.
545 1691 611 1756 Ubi
641 1692 851 1756 Antisthenes
881 1691 981 1756 finem
1010 1692 1086 1757 fecit
1117 1712 1209 1757 suam
1239 1698 1459 1778 paupertatem

331 1803 494 1881 laudandi,
526 1803 641 1869 Callias
672 1824 747 1869 eum
770 1803 896 1870 felicem
920 1805 1092 1889 praedicat,
1115 1809 1147 1870 et
1169 1805 1248 1869 alias
1272 1804 1312 1870 ob
1336 1825 1461 1890 causas,

331 1922 363 1981 et
388 1917 474 2001 quod
497 1936 592 1982 nemo
617 1917 647 1982 ei
670 1936 887 1982 succensurus
912 1919 962 2000 sit,
985 1919 1073 2002 quod
1096 1919 1236 2001 aliquam
1260 1937 1330 1984 rem
1348 1919 1460 1984 nolue-

329 2032 371 2094 rit
402 2035 514 2095 mutuo
545 2031 628 2095 dare.
659 2031 741 2095 Tum
770 2030 958 2096 Niceratus:
992 2029 1106 2104 ,αδδιδι
1137 2029 1184 2108 μοὶ
1209 2029 1268 2094 Δία
1292 2029 1336 2108 μὴ
1359 2029 1462 2111 ζήλου·

329 2145 388 2222 ἐγὼ
420 2143 478 2224 γὰρ
507 2141 566 2218 ἥξω
598 2144 668 2224 παρ’
700 2145 791 2208 αὑτοῦ
823 2141 1023 2222 δανεισάμενος
1054 2144 1087 2208 τὸ
1118 2144 1242 2221 μηδενὸς
1272 2144 1460 2226 προςδεῖσθοιι.

330 2258 503 2342 Vulgatam
545 2258 714 2324 lectionem
758 2255 966 2334 δανεισάμενος
1009 2259 1044 2322 in
1086 2257 1288 2334 δανεισάμενος
1322 2260 1462 2322 mutavit

333 2371 558 2455 Schndderus,
590 2373 645 2437 sed
677 2373 786 2437 nescio
818 2392 859 2435 an
881 2374 1007 2455 vitium,
1030 2372 1117 2456 quod
1141 2373 1301 2455 corrigere
1324 2371 1462 2455 volebat,

333 2487 428 2549 etiam
451 2487 588 2549 auxerit.
612 2484 696 2550 Satis
720 2486 816 2566 enim,
839 2489 876 2548 ut
899 2487 1019 2568 opinor,
1042 2485 1253 2569 perspicuum
1276 2489 1333 2567 est,
1357 2504 1459 2568 quum

331 2599 415 2661 inter
445 2617 479 2663 se
511 2599 674 2682 iungenda
705 2599 770 2662 sint
799 2593 858 2670 ἥξοι
890 2603 922 2662 et
952 2595 1162 2674 δανεισόμενος,
1195 2618 1252 2682 pro
1275 2597 1345 2674 παρ’
1369 2597 1461 2661 αὐτοῦ

328 2711 451 2795 requiri
480 2711 548 2791 πρὸς
573 2708 672 2777 αὐτόν.
703 2711 806 2776 Nemo
830 2712 916 2776 enim
940 2711 1036 2775 dicit:
1065 2713 1179 2794 „venio
1203 2732 1225 2775 ο
1248 2716 1277 2775 tc
1299 2710 1459 2796 petitum”

330 2844 387 2909 pro
424 2828 539 2907 „venio
573 2825 618 2890 od
650 2830 678 2890 tc
712 2824 878 2910 petitum”,
913 2825 982 2889 sive
1014 2823 1149 2889 Graece:
1181 2822 1270 2898 ,μίαν
1302 2823 1385 2905 νεαροὶ
1406 2828 1458 2888 σοῦ

330 2937 477 3011 airicus
509 2958 568 3022 pro
599 2935 687 3011 ,λίνα
719 2937 787 3017 apic
818 2937 851 3000 σὲ
882 2936 1041 3010 mirsinensi
1067 2937 1129 3002 Sed
1153 2937 1368 3004 Schneiderus
1392 2939 1457 3001 vim

331 3050 421 3115 verbi
450 3047 527 3123 ἥκειν
559 3072 624 3115 non
654 3057 740 3116 recte
762 3052 964 3135 perspexisse
989 3051 1133 3131 videtur3
1159 3055 1207 3116 est
1230 3053 1315 3115 enim
1341 3051 1460 3130 radim

332 3166 441 3248 itaque
473 3166 602 3250 vulgata
632 3166 727 3230 lectio
751 3164 938 3230 Schneideri
960 3166 1163 3229 coniecturae
1188 3165 1289 3228 multo
1312 3169 1460 3248 praestat.

332 3277 406 3342 Non
439 3283 545 3343 tamen
577 3275 784 3356 δανεισάμενος
814 3279 1062 3363 Xenophontem
1088 3279 1254 3362 scripsisse
1278 3279 1381 3362 credo,
1404 3278 1461 3341 sed

331 3393 427 3456 unice
457 3412 570 3457 verum
603 3394 730 3459 videtur
755 3394 960 3478 participium
985 3392 1117 3477 perfecti
1137 3389 1364 3468 δεδανεισμένος.
1388 3391 1461 3455 Hoc

332 3507 418 3570 enim
448 3506 524 3570 dicit
547 3506 735 3572 Niceratus:
763 3527 848 3591 „ego
868 3507 908 3570 ab
932 3506 1125 3571 Antisthene
1149 3525 1214 3570 non
1236 3506 1347 3570 redibo
1371 3507 1461 3587 (sive,

331 3619 419 3703 quod
451 3619 518 3685 fere
553 3620 640 3684 idem
675 3625 732 3702 est,
767 3639 833 3683 non
868 3619 973 3700 abibo)
1008 3621 1197 3703 priusquam
1232 3620 1311 3683 mihi
1344 3624 1458 3683 mutuo

331 3733 453 3797 dederit
475 3732 507 3797 τὸ
531 3732 654 3811 μηδενὸς
679 3732 896 3812 προσδεῖσθαι”.

376 3845 433 3930 IV,
458 3848 508 3910 50.
540 3840 637 3918 Οὗτος
659 3846 714 3923 μὲν
738 3845 772 3918 δὴ
798 3845 812 3909 o‘
841 3843 928 3923 λόγος
951 3842 1040 3918 οὕτως
1063 3845 1337 3923 ἐσσονδανολογήθν.
1363 3845 1463 3918 ἐπειδὴ

332 3959 364 4024 δὲ
387 3959 427 4032 εἰς
450 3960 498 4024 τὸν
522 3959 667 4024 Φίλιππον
691 3954 767 4034 ἧκον,
789 3959 901 4040 ἠρώτων
924 3960 1013 4023 αὐτὸν
1032 3958 1064 4023 cl
1081 3959 1147 4040 ὁρῶν
1166 3960 1195 4023 ἐν
1215 3967 1251 4040 τῇ
1271 3959 1456 4042 praeconat,

330 4071 415 4151 μέγα
437 4073 486 4136 ἐπ’
513 4074 587 4152 αὐτῇ
612 4073 735 4154 φρονοίη.
762 4072 826 4150 Qui
851 4073 980 4138 tandem
1003 4074 1051 4136 illi
1070 4074 1216 4138 homines
1236 4079 1325 4156 sunt,
1345 4075 1402 4157 qui
1425 4074 1466 4138 ad

330 4187 516 4272 Philippum
539 4187 726 4252 vacabant?
750 4187 979 4252 Convivaone?
1001 4187 1046 4251 At
1064 4188 1113 4251 illi
1133 4207 1199 4251 una
1219 4192 1326 4268 erant;
1348 4206 1464 4271 neque,

334 4306 372 4365 ut
406 4302 527 4386 opinor,
561 4303 591 4366 ei
620 4303 663 4386 id,
694 4303 787 4387 quod·
811 4301 973 4385 rogabant,
1004 4303 1039 4365 in
1069 4320 1179 4366 aurem
1201 4300 1466 4366 insusurrabant.
