3330 5262
868 647 931 710 402

329 835 486 915 affecistis,
509 829 673 911 νομίζοντες
694 833 750 893 τῶν
773 853 806 893 τε
829 834 992 911 περιφοινῶς
1015 829 1132 894 οὶνοσόων
1156 830 1209 894 aab
1233 836 1290 894 τῶν
1313 837 1447 914 Φωνερῶς

330 943 513 1027 προδιδόντων
525 941 577 1008 aa>
588 947 731 1024 τνροιννεῖν
744 940 961 1022 ἐπιχειρούντων
974 942 1029 1006 ὑπὸ
1042 940 1158 1007 πόντων
1170 943 1323 1024 οἰνόρόπων
1332 944 1452 1009 όοόνοιτον

328 1060 537 1137 ιιοιτεχνῶσόοιι.
561 1058 633 1122 Tria
653 1058 712 1140 hio,
733 1063 769 1120 ut
781 1058 902 1141 opinor,
914 1058 1208 1141 hominumgenera
1221 1065 1448 1124 enumerantur

330 1179 431 1239 morte
462 1172 640 1256 dignorum.
670 1169 754 1254 Lege
786 1189 860 1254 ergo
893 1167 945 1233 κοιὶ
977 1173 1033 1233 τῶν
1056 1175 1203 1250 τνροιννεῖν
1226 1170 1451 1252 ἐπιχειρούντων.

331 1421 397 1484 cus,
432 1399 533 1482 vobis,
562 1397 712 1480 Thebani,
746 1398 868 1461 amicus
903 1396 1024 1480 fuisset,
1056 1402 1141 1463 recte
1172 1418 1230 1482 ego
1252 1399 1364 1464 fecisse
1388 1420 1453 1464 non

330 1507 511 1582 censendus
526 1494 637 1579 ‘essem
661 1531 735 1577 eum
759 1517 833 1576 ante
857 1518 979 1577 vestros
1005 1513 1114 1578 oculos
1137 1513 1371 1579 interficiendo:
1395 1517 1450 1599 qui

331 1634 438 1694 autem
475 1648 532 1693 vos
566 1626 704 1712 prodidit
734 1645 814 1690 num
838 1627 944 1690 minus
969 1625 1059 1690 vobis
1082 1628 1233 1692 inimicus
1260 1647 1327 1692 esse
1350 1633 1454 1712 potest

333 1764 430 1828 quam
465 1741 567 1806 mihi?
598 1738 682 1803 ἀλλὰ
713 1737 745 1811 νὴ
771 1735 923 1803 Alasiotas
947 1762 990 1812 τις
1013 1737 1058 1812 ἄν,
1083 1740 1153 1803 ἑκὼν
1176 1735 1276 1813 dada?
1301 1740 1388 1818 Quae
1412 1743 1455 1806 su

334 1857 530 1922 Graecorum
553 1853 731 1936 verborum,
757 1873 838 1937 quae
859 1855 962 1936 citavi,
982 1856 1139 1918 sententia
1157 1856 1241 1919 haud
1254 1857 1347 1921 facile
1359 1856 1459 1938 dicas,

333 1975 499 2055 propterea
533 1968 619 2052 quod
641 1967 722 2031 nihil
746 1969 900 2051 sequitur,
924 1987 987 2052 quo
1012 1987 1086 2034 reus
1111 1973 1344 2052 argumentum,
1370 1969 1455 2053 quod

337 2085 378 2148 iis
401 2083 508 2147 verbis
531 2085 624 2166 inest,
647 2081 825 2166 redarguat,
849 2081 898 2146 Ita
921 2082 1004 2146 enim
1028 2102 1103 2148 reus
1126 2102 1253 2147 causam
1277 2103 1372 2147 suam
1397 2085 1459 2167 agit

338 2203 383 2282 ut,
418 2197 504 2282 quod
537 2199 572 2260 in
604 2195 752 2260 omnibus
785 2195 989 2279 orationibus,
1019 2201 1083 2260 tam
1114 2196 1197 2261 fietis
1228 2216 1327 2282 quam
1351 2216 1463 2261 revera

340 2311 467 2394 habitis,
500 2310 796 2393 frequentissimum
830 2313 886 2392 est,
921 2309 1043 2392 aliquid
1078 2309 1117 2374 ab
1151 2311 1332 2375 adversario
1365 2310 1461 2375 obiici

338 2425 447 2509 fingat,
478 2423 593 2488 deinde
624 2423 657 2486 id
686 2424 755 2506 ipse
776 2423 952 2506 redarguat.
976 2422 1071 2487 Nune
1093 2429 1165 2507 post
1187 2424 1276 2487 istud
1299 2422 1369 2487 ἑκὼν
1393 2417 1462 2496 ἦλθε

340 2540 502 2623 sequitur:
528 2532 608 2619 κρότοι
631 2535 655 2600 εἰ
678 2536 732 2613 μὲν
751 2533 936 2615 ἀπεχόμενον
955 2543 1008 2610 τῆς
1029 2536 1169 2618 ὑμετέρας
1189 2539 1299 2610 πόλεως
1309 2536 1463 2602 ἀπέκτεινέ

340 2676 384 2726 τις
411 2649 509 2724 αὐτόν,
534 2649 650 2714 ε’ποιόνον
673 2647 709 2714 όιν
733 2647 891 2729 ἕτόνχοινε.
918 2649 1007 2726 Quae
1030 2649 1127 2715 verba
1150 2657 1181 2716 et
1204 2656 1353 2736 corrupta
1377 2657 1462 2734 sunt,

341 2771 373 2831 et
414 2785 454 2830 ne
494 2764 660 2829 emendata
695 2764 824 2848 quidem
859 2783 932 2827 cum
966 2764 1230 2847 praecedentibus
1267 2765 1331 2829 ullo
1366 2766 1461 2830 modo

341 2881 517 2945 cohaerent.
540 2877 749 2942 Emendanda
774 2881 878 2941 auteni
902 2879 947 2941 ita
969 2882 1044 2942 sunt
1069 2883 1105 2942 ut
1132 2897 1189 2962 pro
1213 2877 1356 2959 ὑμετέροις
1379 2879 1460 2963 lega·

342 2999 396 3058 tur
416 2990 567 3071 ἡμετέροις.
591 2990 744 3075 Sequitur
767 2991 869 3055 enim:
894 2993 942 3052 νῦν
965 2989 996 3053 δὲ
1020 2989 1067 3053 ότε
1086 2989 1176 3054 πόλιν
1197 2985 1279 3064 ἦλόεν
1300 2992 1383 3055 ἄλλοι
1396 2992 1460 3072 πρὸς

341 3112 403 3178 τοῖς
426 3103 541 3186 πρόσθεν
565 3103 645 3168 acad
668 3102 801 3177 ποιήσων,
825 3105 855 3168 οὐ
879 3103 994 3175 oruata
1017 3105 1106 3185 φήσει
1130 3129 1174 3178 τις
1201 3106 1287 3170 αὐτόν
1310 3105 1461 3181 redactum

342 3218 422 3283 Eam
446 3219 486 3282 ob
510 3238 639 3282 eausam
660 3217 814 3302 Euphron
833 3223 934 3282 morte
953 3218 1160 3302 dignissimus
1174 3225 1248 3297 erat,
1264 3221 1349 3304 qnod
1363 3221 1460 3285 semel

344 3336 472 3416 eiectus,
507 3352 572 3396 non
603 3332 641 3395 ab
674 3330 753 3396 urbe
782 3332 944 3416 abstinuit,
975 3334 1031 3398 sed
1063 3333 1101 3397 ab
1125 3333 1221 3398 exilio
1245 3334 1339 3398 rediit
1361 3334 1390 3414 (ἕ
1415 3335 1458 3413 4).

344 3448 425 3513 Tum
456 3467 530 3512 reus
561 3449 605 3511 ita
635 3449 752 3531 pergit:
784 3451 840 3510 ποῦ
863 3444 940 3525 ἔχων
964 3443 1093 3521 Ἕλλησι
1116 3445 1244 3519 σπονδόις
1271 3441 1458 3520 όποδεῑξοιιῆ

346 3561 495 3644 προδότοιις
530 3558 546 3633 ἢ
582 3560 845 3637 πωλινωντομόλοις
880 3557 897 3633 ἢ
932 3558 1092 3641 τνροόννοις;
1124 3560 1277 3645 Rogando
1308 3580 1383 3646 ergo
1414 3561 1468 3624 hic

345 3678 507 3761 redarguit
541 3674 670 3758 aliquid,
706 3675 791 3759 quod
827 3675 970 3739 nondum
1004 3675 1135 3739 finxerit
1170 3673 1346 3754 obiectum;
1381 3673 1466 3756 quod

347 3797 469 3855 certum
503 3790 629 3853 videtur
662 3787 858 3853 confusionis
889 3789 1052 3853 indicium.
1084 3786 1205 3863 Quodsi
1235 3788 1288 3852 illa
1319 3788 1417 3850 ποῦ..
1435 3833 1466 3848 ..

347 3901 489 3984 τνροόννοις
519 3907 590 3987 post
621 3901 690 3965 ἑκὼν
721 3894 789 3974 iuda
819 3902 1116 3986 transposuerimus,
1145 3903 1259 3982 omnia,
1282 3903 1318 3962 ut
1342 3900 1467 3982 opinor,

348 4020 472 4104 egregie
496 4014 718 4099 cohaerebunt,
741 4017 902 4100 simulque
924 4014 1094 4100 apparebit,
1118 4033 1200 4096 quae
1224 4014 1265 4077 sit
1284 4013 1467 4096 argumenti

347 4133 430 4196 νἰλιόι
452 4129 484 4204 νὴ
509 4127 558 4193 Δί’
581 4125 653 4192 εἴποι
675 4153 720 4200 τις
743 4125 780 4191 όιν
803 4129 872 4193 ἑκὼν
895 4123 963 4202 dade
987 4128 1150 4193 sententia.
1173 4126 1243 4191 Hoc
1263 4128 1348 4191 enim
1369 4127 1468 4210 signi-

348 4246 437 4310 ficat:
462 4265 526 4311 non
550 4245 736 4308 necessitate
761 4244 866 4328 aliqua
886 4248 1013 4308 coactus
1032 4241 1154 4306 Thebas
1174 4243 1272 4325 venit,
1285 4241 1340 4306 sed
1353 4246 1468 4326 sponte

351 4379 417 4441 suo,
440 4365 557 4444 putans
579 4377 613 4422 se
635 4356 791 4422 Thebanis
814 4358 924 4422 amicis
947 4355 1192 4441 hospitibusque
1215 4374 1361 4419 usurum,
