3352 5260
762 640 825 703 103

224 819 261 886 uir
294 820 337 888 ὅτι
371 820 465 898 ἔξεστι
494 821 546 888 καὶ
577 822 618 888 τόν
646 820 773 905 ὑμέτερα
805 822 916 903 ἔχοντα
944 825 1026 905 παρὰ
1048 823 1155 892 Σεύθου
1178 824 1343 907 τεχνοόζειν.

226 936 347 1001 Graeca
376 937 481 1020 verba,
513 957 595 1022 quae
625 940 730 1021 citavi,
762 938 899 1003 obscura
926 941 1006 1004 mihi
1030 945 1115 1004 sunt.
1138 939 1259 1006 Eorum
1281 943 1350 1006 loco

224 1051 374 1135 equidem
407 1051 490 1115 hanc
523 1057 686 1136 expectem
719 1054 927 1116 seutentiam:
962 1102 977 1136 „
990 1059 1022 1118 at
1055 1056 1139 1118 enim
1164 1055 1348 1121 inimicitias

223 1164 296 1228 illas
319 1183 370 1228 me
389 1165 502 1228 callide
522 1165 642 1249 fingere
662 1166 815 1248 dixeritis,
835 1167 912 1250 quia
930 1169 1093 1252 pecunias,
1104 1169 1184 1232 mihi
1196 1170 1346 1252 stipendii

166 1319 169 1322 -
224 1281 354 1344 nomine
377 1301 396 1343 a
419 1279 538 1345 Seuthe
561 1280 659 1363 datas,
681 1280 947 1345 interverterim.”

267 1393 325 1476 Vi,
360 1396 410 1457 32.
445 1393 562 1458 Paucis
593 1394 700 1459 verbis
731 1414 812 1478 opus
843 1400 900 1476 est,
930 1401 969 1459 ut
997 1396 1158 1460 insulsum
1191 1395 1348 1460 emblema

223 1508 362 1572 indicem
384 1513 416 1572 et
438 1509 570 1573 eiiciam.
594 1507 727 1593 Legitur
750 1511 852 1573 enim:
877 1508 934 1585 ἐγὼ
955 1508 1009 1586 μὲν
1030 1507 1109 1585 ὑμᾶς
1129 1512 1211 1587 φημι
1231 1507 1347 1580 δικαίως

222 1620 259 1684 av
284 1616 320 1684 ὧν
343 1619 410 1698 ἐμοὶ
433 1621 635 1701 χαλεπαίνετε
658 1619 765 1686 τούτων
785 1627 843 1693 τοῖς
864 1622 935 1694 όεοΐς
954 1619 1042 1701 χόριν
1054 1619 1156 1690 εἰδέναι
1168 1621 1205 1692 ὥς
1217 1621 1345 1699 οἷνιιόῶν.

224 1733 305 1810 Quis
336 1735 434 1799 verbo
459 1737 601 1799 monitus
624 1755 689 1799 non
713 1737 819 1817 sentit,
841 1736 928 1799 istud
951 1734 988 1804 ὥς
1012 1735 1130 1814 ἀμαθῶν
1153 1740 1251 1799 totam
1276 1755 1348 1800 sen·

223 1850 340 1913 tentiae
362 1850 428 1912 vim
453 1850 669 1932 orationisque
692 1868 843 1913 numeros
867 1848 976 1913 tollere
998 1853 1029 1912 et
1052 1848 1286 1932 pessumdare?

265 1961 339 2043 VII,
373 1963 424 2025 40.
463 1960 588 2042 „Iuro”
621 1961 803 2045 Xenophon
835 1960 947 2025 Seuthi
980 1961 1057 2024 dicit
1091 1980 1178 2044 „me,
1209 1963 1238 2025 si
1268 1961 1347 2025 mihi

222 2077 376 2158 pecunias
407 2076 485 2138 mihi
518 2075 640 2140 debitas
672 2075 794 2140 solvere
818 2076 925 2158 velles,
949 2083 1156 2160 accepturum
1179 2096 1244 2140 non
1267 2096 1346 2159 esse,

222 2190 286 2253 nisi
312 2189 413 2253 'simul
444 2194 476 2254 et
503 2189 658 2253 militibus
682 2189 877 2272 stipendium
901 2189 1119 2273 persolveres’'
1143 2188 1264 2268 αἰσχρὸν
1289 2188 1347 2270 γὰρ

222 2296 255 2375 ἦν
286 2299 327 2365 τόν
350 2302 404 2378 μὲν
427 2302 489 2378 ἐμοὶ
511 2301 741 2382 διαπεπρᾶχθαι,
765 2301 806 2365 τοὶ
828 2301 859 2365 δὲ
881 2301 991 2365 ἐκείνων
1015 2302 1147 2382 περιιδεῖν
1169 2300 1223 2379 ἐμὲ
1246 2306 1344 2375 κακῶς

221 2412 341 2494 ἔχοντα.
373 2415 451 2479 Post
480 2412 538 2494 νόρ
568 2416 724 2499 particula
747 2413 784 2478 aiv
807 2415 977 2480 inserenda
999 2421 1062 2480 est:
1088 2417 1191 2480 omitti
1212 2435 1249 2480 ea
1271 2436 1345 2500 pos-

221 2534 278 2610 set,
302 2530 330 2592 si
352 2548 410 2612 pro
434 2522 467 2601 ἦν
489 2529 650 2613 legeretur
671 2527 741 2593 ἐστί.

265 2641 338 2724 VH,
363 2643 418 2705 52.·
444 2642 570 2706 Petenti
592 2641 706 2706 Seuthi
728 2646 766 2706 ut
789 2661 899 2706 secum
922 2648 1050 2707 maneat
1071 2641 1255 2727 Xenophon
1279 2662 1344 2708 res·

219 2755 355 2838 pondet:
385 2752 469 2818 οὶλλόι
499 2752 551 2826 τὴν
575 2754 630 2832 μὲν
654 2753 706 2826 τὴν
729 2752 858 2834 τρόνοιαν
881 2756 1000 2818 inarari·
1022 2753 1088 2832 ἐμοὶ
1113 2755 1144 2820 δὲ
1167 2754 1262 2833 με’νειν
1285 2758 1343 2836 οὐχ

219 2861 315 2931 οἷόντε.
339 2865 409 2932 ότον
433 2868 463 2932 δὲ
487 2868 522 2931 ἂν
544 2869 601 2945 ἐγὼ
625 2866 800 2947 ἐντιμότερος
825 2862 855 2939 ὦ,
881 2865 980 2948 νόμιζε
999 2889 1051 2931 και
1072 2891 1114 2934 τοι
1134 2891 1219 2933 τουτο
1231 2869 1341 2946 αναόὸν

219 2979 341 3046 ἔσεσθαι.
367 2979 452 3056 Quid
472 2981 534 3046 sibi
557 2983 794 3066 comparativus
817 2978 994 3060 ἐντιμότερος
1014 2981 1091 3045 velit
1111 3001 1176 3048 non
1188 2982 1341 3066 intelligo,

218 3095 246 3159 Ε
270 3094 533 3180 praecedentibus
554 3092 724 3172 ἀτιμότερος
748 3099 779 3158 et
801 3090 1024 3173 ἀσφαλέστερον
1047 3099 1159 3160 natum
1185 3113 1256 3159 esse
1275 3097 1343 3179 opi-

220 3229 287 3290 nor,
312 3229 411 3293 quum
436 3207 619 3292 Xenophon
642 3209 805 3291 scripserit
827 3203 952 3283 ἔντιμος.

263 3321 337 3404 VII,
362 3324 412 3384 55.
443 3320 586 3386 Absente
608 3319 824 3404 Xenophonte
846 3321 965 3386 mihtes
988 3315 1089 3397 ἔνεμον
1112 3321 1149 3391 ὡς
1173 3317 1280 3400 οἴχοιτο
1303 3323 1341 3393 ὡς

217 3433 326 3508 Σεύόνν
348 3434 467 3508 οἰκήσων
490 3433 540 3498 καὶ
559 3430 580 3498 όν
600 3432 748 3512 ὑπέσχετο
769 3433 848 3512 αὐτῷ
860 3430 1036 3513 ληψόμενος.
1051 3434 1216 3500 Praestare
1228 3436 1341 3519 opinor

217 3550 429 3634 compositum
451 3545 687 3627 ἀποληψόμενος.
