3330 5262
861 611 925 675 306

314 819 333 862 a
367 797 501 880 nuntiis,
537 798 598 862 sibi
634 799 718 862 inter
749 816 784 860 se
815 796 1074 880 obloquentibus,
1097 796 1225 860 allatam
1248 797 1336 860 haud
1364 799 1449 860 recte

316 912 467 994 cognovit
486 911 696 994 perspexitve.
717 909 878 975 Restituto
898 914 1004 974 autem
1026 908 1124 973 verbo
1137 907 1352 990 ποροοκνκοένοον
1365 910 1447 972 acris

317 1028 349 1087 et
371 1021 484 1088 acerba
507 1021 695 1088 Ther-ameni
718 1023 841 1086 redditu
865 1024 925 1087 erit
944 1024 1056 1104 ironia,
1076 1024 1171 1086 cuius
1189 1027 1315 1106 recepta
1334 1021 1448 1086 Oobeti

317 1135 501 1200 coniectura
530 1135 658 1200 nullum
688 1139 831 1199 remanet
861 1136 1052 1218 vestigium:
1076 1135 1169 1198 illum
1193 1135 1288 1216 eninr,
1313 1135 1390 1218 quid
1412 1135 1448 1198 in

316 1249 437 1312 ducum
469 1249 589 1312 iudicio
621 1252 728 1311 actum
757 1249 800 1310 sit
822 1266 936 1330 parum
960 1252 1108 1310 accurate
1131 1248 1320 1330 cognovisse
1345 1252 1377 1311 et
1398 1249 1450 1310 in·

217 1429 220 1433 ,
316 1360 478 1426 tellexisse
511 1362 602 1443 dicet,
634 1380 731 1444 quem
762 1361 1040 1444 impudentissime
1067 1361 1106 1425 de
1129 1379 1166 1425 ec
1188 1361 1308 1424 iudicio
1332 1361 1448 1424 meuti-

317 1479 387 1538 tum
410 1491 490 1555 esse,
513 1473 753 1556 mendaciisque
776 1471 932 1556 improbis
954 1472 1150 1556 perfidisque
1173 1474 1310 1537 exitium
1334 1474 1446 1537 adver-

318 1588 401 1651 sario
424 1605 537 1670 parare
560 1587 666 1650 sentit.

361 1697 420 1782 111,
453 1701 503 1762 37.
536 1696 614 1770 ὅστις
641 1696 739 1775 μέντοι
763 1697 777 1762 ὃ
799 1701 900 1762 τοῦτον
923 1695 1060 1778 πράττων
1084 1695 1164 1761 ἐστὶν
1186 1695 1283 1776 cicccc
1305 1695 1343 1762 ἂν
1366 1698 1448 1775 ὑμᾶς

318 1814 469 1876 κάλλιστοι
499 1812 606 1892 κρίνειν,
638 1810 679 1875 τοί
705 1835 738 1874 τε
761 1809 962 1892 πεπραγμένον
985 1809 1037 1874 arri
1062 1807 1084 1875 ἃ
1108 1815 1157 1874 νῦν
1179 1810 1300 1892 νρνίττεν
1322 1809 1447 1884 ἕκαστος

318 1925 400 2003 ἡμῶν
422 1925 447 1989 εἰ
469 1924 676 1999 κατανοήσετε.
702 1924 833 1988 Soloece
853 1925 913 1988 hoc
932 1925 1055 1988 dictum
1074 1929 1130 1989 est.
1142 1924 1327 2009 Legendum
1342 1927 1447 1990 deleta

317 2037 472 2122 particula
501 2035 547 2110 ἄν,
580 2058 676 2123 quam
709 2037 803 2102 multi
834 2037 958 2100 codices
988 2056 1055 2101 non
1086 2035 1220 2101 habent:
1245 2033 1341 2114 οἵομοον
1365 2039 1448 2114 ὑμᾶς

317 2149 469 2215 κάλλιστοι
491 2155 610 2231 κρινεῖν.
627 2197 634 2212 .
649 2197 678 2212 ..
703 2148 727 2211 εἰ
750 2145 956 2222 κατανοήσετε.

361 2261 420 2348 111,
443 2265 495 2327 41.
529 2262 762 2348 ,Collegarum
784 2263 918 2327 consilio
942 2263 981 2326 de
1004 2265 1101 2326 armis
1124 2263 1242 2347 populo
1266 2263 1446 2328 adimendis

316 2380 428 2461 restiti,
458 2384 548 2443 ratus
580 2398 645 2442 uon
677 2396 747 2442 esse
778 2377 935 2461 populum
959 2375 1123 2439 infirmum
1146 2375 1354 2439 reddendum.
1380 2375 1447 2438 οὐδὲ

318 2490 376 2572 γὰρ
399 2491 465 2563 τοὺς
489 2489 739 2568 Λακεδαιμονίους
760 2488 848 2569 ἑώρων
867 2485 969 2552 τούτου
987 2484 1071 2551 ἕνεκα
1083 2485 1278 2564 βουλομένους
1290 2491 1447 2568 aspicem

317 2605 400 2681 ἡμᾶς
422 2602 498 2676 ὅπως
523 2603 613 2680 ὀλίγον
637 2599 784 2679 γενόμενον
808 2600 900 2678 μηδὲν
920 2598 1082 2677 Bructeris
1100 2599 1208 2672 αὐτοὺς
1228 2602 1365 2680 ὠφελεῖν·
1377 2597 1447 2674 ἐξῆν

316 2715 374 2796 pap
407 2717 519 2789 αὐτοῖς,
555 2716 579 2779 εἰ
613 2715 715 2778 τούτου
746 2737 782 2791 γε
812 2712 927 2785 δέοιντο,
951 2710 1003 2775 aa>
1027 2711 1142 2789 μνδὲνοο
1163 2719 1260 2778 λιπεῖν
1283 2713 1379 2790 ὀλίγον
1402 2711 1447 2776 ἔτι

315 2825 416 2908 χρόνον
447 2828 487 2907 τῷ
510 2827 587 2906 λνμῷ
614 2825 800 2898 ποὲοοοντες.”
826 2823 956 2901 Quoties
979 2826 1014 2887 in
1038 2824 1213 2890 Helleniois
1236 2826 1380 2910 legendis
1404 2827 1447 2890 ad

316 2942 404 3004 hunc
426 2942 534 3004 locum
557 2942 719 3023 pervenio,
742 2940 835 3003 toties
859 2940 893 3001 in
919 2958 956 3002 eo
977 2939 1098 3020 haereo,
1118 2939 1446 3023 deliberationemque

317 3073 442 3118 mecum
467 3056 634 3118 instituere
659 3053 754 3135 soleo,
777 3054 860 3116 sitne
883 3053 917 3114 in
941 3051 1056 3134 verbis
1077 3071 1159 3135 quae
1177 3053 1281 3135 citavi,
1300 3055 1447 3136 acquies-

317 3167 454 3230 cendum
486 3187 526 3230 an
558 3185 625 3230 uon
656 3167 705 3230 sit.
735 3165 876 3230 Tandem
899 3165 1078 3248 valiquando
1102 3165 1141 3229 ad
1165 3183 1233 3229 eam
1260 3168 1446 3250 opinionem

316 3280 458 3362 perveni,
484 3299 580 3362 quam
606 3297 694 3343 nunc
713 3297 897 3361 proponam.
918 3276 1041 3342 Censeo
1054 3280 1139 3342 enim
1152 3279 1269 3342 vitium
1282 3279 1445 3362 quoddam

316 3393 349 3454 iu
385 3390 590 3455 Theramenis
621 3392 896 3474 argumentatione
927 3390 1033 3472 latere,
1057 3390 1154 3474 idque
1183 3391 1270 3474 qnod
1295 3397 1326 3455 et
1349 3392 1446 3475 quale

316 3505 358 3568 sit
391 3504 469 3567 mihi
504 3504 682 3587 intelligere
717 3503 838 3580 videor,
874 3503 930 3566 sed
965 3508 1075 3566 utrum
1104 3505 1174 3586 ipse
1203 3502 1445 3586 Xenophonte

315 3615 484 3682 scribendo
520 3635 659 3682 errorem
695 3618 900 3698 commiserit,
931 3635 973 3679 an
1004 3615 1100 3680 verba
1128 3615 1260 3682 eiusab
1284 3618 1447 3682 altissint

314 3735 466 3813 corrupta
496 3735 635 3794 statuere
665 3749 731 3792 non
761 3743 902 3812 possum.
935 3729 1060 3792 Vitium
1092 3745 1167 3812 ergo
1191 3728 1348 3812 indicabo,
1372 3730 1446 3813 qui-

315 3841 443 3925 busque
465 3841 643 3906 raticnibus
666 3843 756 3905 nasci
779 3843 918 3924 potuerit
941 3841 1053 3904 docere
1077 3840 1225 3904 conabor.
1249 3840 1356 3905 Verba
1379 3839 1444 3905 οὐδὲ

315 3953 372 4034 γὰρ
385 4002 392 4016 .
407 4002 414 4017 .
429 4002 458 4018 ..
484 3955 610 4034 ὠφελεῖν
635 3975 709 4019 cum
732 3953 996 4039 praecedentibus
1016 3973 1084 4016 non
1102 3953 1287 4018 cohaerent:
1300 3956 1343 4018 ita
1355 3956 1442 4018 enim

314 4067 368 4131 illa
390 4070 548 4132 sententio
572 4069 768 4132 conformata
792 4072 848 4150 est,
872 4069 916 4132 ita
939 4069 1010 4130 eius
1033 4072 1138 4150 partes
1161 4072 1237 4130 sunt
1260 4067 1443 4150 dispositae,

314 4185 351 4243 ut
383 4181 418 4242 in
453 4180 618 4244 vocabulis
652 4177 741 4257 ὀλίγον
770 4177 919 4256 γενόμενον
947 4180 1054 4243 omnis
1086 4179 1127 4242 sit
1150 4179 1318 4262 emphasis.
1342 4177 1438 4254 Quod

314 4310 391 4377 ergo
413 4293 639 4358 Theramenem
668 4293 824 4356 dicentem
847 4291 922 4356 fucit
944 4291 1127 4375 Xenophon
1150 4291 1261 4355 eodem
1282 4291 1373 4374 redit,
1397 4312 1437 4356 uc
