3348 5262
853 609 917 671 204

331 801 424 860 νοῦνπι
455 795 510 872 μὲν
541 800 658 873 μᾶλλον
688 796 769 860 δοκεῖ
796 819 845 872 μοι
876 798 892 868 ἡ
919 794 1012 874 ὑγίεια
1035 793 1212 875 πιιρωμὲνειν
1234 796 1400 860 ἐκπονωῦνπι
1422 795 1453 859 δὲ

332 912 449 986 μᾶλλον
471 909 487 982 ἦ
512 909 592 990 ρἰίμη
617 908 847 990 προσγίγνεσθαι.
872 909 994 974 Labore
1017 913 1049 974 et
1068 909 1200 974 modicis
1220 911 1453 973 exercitationi·

331 1022 393 1087 bus
424 1023 573 1087 valetudo
603 1031 820 1106 conservatur,
851 1024 907 1088 sed
935 1043 1017 1087 noua
1047 1022 1161 1086 robora
1191 1023 1364 1086 accedunt:
1388 1042 1452 1086 non

332 1137 349 1208 ἡ
372 1137 452 1217 ῥώμη
477 1135 681 1217 προςγίγιεπιιι
706 1138 761 1202 sed
785 1137 865 1218 ῥώμη
891 1139 973 1218 (sine
996 1137 1150 1211 articulo).

376 1249 435 1330 XI,
471 1251 520 1313 18.
559 1250 728 1331 „Perfecto
764 1270 857 1334 opere
886 1249 1029 1314 rustico''
1061 1249 1288 1313 Ischomachus
1319 1250 1364 1312 ait
1385 1247 1455 1320 „rai

332 1362 387 1440 μὲν
410 1360 507 1440 βιίδην
530 1362 570 1427 πίι
593 1361 624 1427 δὲ
647 1363 827 1444 ιίποδριιμιῖιν
851 1359 948 1426 ιίκιιδε
968 1360 1289 1439 ιίπεσπλεγγισιίμην”.
1312 1360 1455 1439 Quicun-

333 1497 395 1561 que
430 1478 525 1562 paulo
560 1479 740 1542 accuratius
776 1478 853 1542 haec
888 1478 1079 1563 adspexerit,
1114 1476 1234 1541 videbit
1263 1482 1335 1560 post
1358 1473 1455 1552 βάδην

332 1592 535 1675 participium
568 1590 613 1654 ido
646 1610 716 1655 esse
746 1591 961 1654 inserendum.
993 1590 1027 1654 si
1057 1610 1121 1654 non
1147 1591 1269 1671 viderit,
1292 1595 1403 1652 auctor
1426 1590 1456 1652 ei

333 1723 416 1786 sum,
451 1710 488 1768 ut
520 1704 682 1788 paulisper
716 1704 873 1767 uocabula
907 1701 1004 1780 βάδην
1038 1710 1070 1767 et
1098 1701 1277 1782 νίπωδριιμών
1307 1703 1390 1765 inter
1421 1720 1456 1765 se

333 1821 520 1902 transponat
543 1818 642 1881 etsie
665 1817 704 1881 de
728 1821 793 1881 toto
817 1818 886 1881 loco
911 1816 1069 1881 deliberet.

378 1930 480 2014 Caput
509 1930 586 2012 XH,
617 1932 644 1994 2.
675 1929 813 2013 Roganti
844 1929 965 1993 Socrati
999 1930 1142 2013 „ecquid
1165 1935 1196 1993 te
1221 1948 1326 1992 moror
1348 1929 1456 1993 Ischo-

335 2043 490 2108 mache?”
519 2044 574 2108 iIIe
604 2044 788 2128 respondet:
817 2044 992 2124 „minimet
1016 2045 1163 2128 opperiar
1187 2044 1271 2108 enirn
1296 2062 1360 2124 eos,
1384 2044 1456 2125 qui-

334 2159 469 2223 buscum
493 2161 526 2222 in
550 2158 655 2221 forum
678 2158 849 2222 convenire
872 2159 1032 2239 constitui,
1057 2175 1162 2240 neque
1182 2157 1257 2219 hinc
1277 2155 1370 2219 abibo
1390 2153 1456 2235 πρὶν

334 2269 380 2351 (ἂν
411 2276 496 2335 recte
519 2272 632 2334 inserit
654 2268 851 2349 Dindorfius)
876 2267 1067 2332 πιινπιίπιισιν
1092 2268 1107 2340 η
1133 2266 1228 2347 ἄριρίι
1250 2268 1352 2348 λυίη”.
1375 2269 1456 2332 Tum

334 2382 493 2447 Socrates:
530 2383 579 2454 Νη
616 2381 676 2446 Δίω
709 2380 858 2461 eoadem
891 2379 949 2461 ρίιρ
980 2381 1106 2461 ἰσχυρῶς
1137 2382 1180 2458 μη
1212 2379 1373 2461 arcuatam
1402 2379 1456 2452 τὴν

333 2493 499 2572 ἐπωνυμίην
533 2494 596 2579 (sc.
628 2493 718 2565 κιιιιίς
742 2517 775 2557 τε
796 2492 960 2577 κάγαθός).
983 2493 1057 2559 Non
1080 2494 1192 2558 dubito
1217 2496 1295 2578 quin
1318 2513 1375 2578 pro
1398 2491 1455 2574 νιίρ

334 2609 504 2693 legendum
536 2610 578 2672 sit
600 2631 645 2684 γε.
667 2607 932 2672 Admirabundus
956 2609 1041 2672 enim
1065 2609 1143 2672 haec
1167 2609 1326 2672 exclamat
1347 2607 1456 2672 Socra-

333 2727 391 2804 teS,
422 2723 548 2805 cognita
578 2721 778 2785 Ischomachi
809 2740 883 2804 erga
914 2722 1033 2785 amieos
1062 2720 1125 2784 fide
1152 2725 1183 2784 et
1205 2720 1368 2804 reiigione,
1391 2740 1455 2783 non

334 2855 464 2899 oausam
495 2835 585 2900 affert
616 2854 676 2899 cur
696 2835 924 2899 Ischomachus
947 2836 993 2898 sio
1016 2841 1104 2919 agat:
1129 2834 1305 2899 absurdum
1326 2836 1361 2899 id
1385 2836 1455 2919 qui·

334 2950 404 3013 dem
429 2956 520 3013 esset.

379 3061 454 3144 XII,
486 3065 514 3127 8.
549 3060 695 3144 „Omnes
722 3063 868 3126 homines
893 3061 1020 3126 sibimet
1042 3063 1121 3146 ipsis
1144 3054 1218 3125 εὖνοί
1237 3061 1314 3124 εἰσιν.
1339 3063 1455 3126 Tamen

334 3176 430 3240 multi
459 3195 569 3240 eorum
595 3196 721 3261 operam
747 3176 821 3239 darc
845 3176 969 3256 nolunt,
992 3171 1068 3245 ὅπως
1090 3175 1187 3244 αὐτοῖς
1211 3171 1293 3237 ἔσπιιι
1316 3171 1456 3238 ruerat

334 3286 490 3365 βούλονται
524 3282 597 3351 siout
628 3288 743 3368 aptat&
781 3288 864 3353 Satis
898 3289 1006 3372 inepte
1035 3289 1068 3351 in
1100 3287 1265 3352 codicibus
1295 3288 1456 3353 adduntur

334 3402 432 3466 rerba
454 3401 494 3464 τὰ
517 3398 629 3477 dycta

379 3514 454 3579 XII.
480 3517 529 3578 14.
557 3564 572 3596 „
585 3513 646 3592 Qui
668 3520 745 3580 sunt
763 3519 819 3578 πῶν
839 3513 1011 3595 ἀφροδισίων
1027 3513 1181 3595 δυσέρωτες
1193 3517 1241 3579 illi
1254 3535 1454 3599 nequaquam

336 3629 456 3692 discere
491 3635 636 3713 possunt,
669 3648 752 3712 quae
785 3630 825 3693 ad
861 3649 942 3713 opus
976 3631 1132 3693 rusticum
1165 3634 1242 3693 sunt
1271 3630 1456 3692 necessaria.

335 3738 400 3804 οὔτε
429 3739 486 3820 γὰρ
516 3740 625 3805 ἐλπίδα
656 3738 721 3804 οὔτε
751 3739 921 3818 ἐπιμέλειαν
952 3740 1050 3813 ἡδίωνιι
1080 3741 1170 3823 ῥηίδιον
1202 3740 1290 3819 εὑρεῖν
1319 3745 1373 3812 πῆς
1401 3743 1456 3802 πῶν

336 3852 474 3917 πιιιδικῶν
505 3852 685 3930 ἐπιμελείας,
719 3852 783 3916 οὐδὲ
811 3851 870 3930 μην
893 3851 963 3917 trau
986 3861 1063 3933 πιιρη
1087 3853 1120 3915 πὸ
1143 3851 1296 3932 πριιιιπίων,
1320 3850 1456 3931 πιμωρίιιν

334 3966 547 4046 χαλεπωτέρων
581 3965 702 4039 εὐπετές
736 3967 799 4030 ἐστι
833 3971 883 4031 ποῦ
918 3965 978 4030 ἀπὸ
1013 3971 1069 4030 πῶν
1100 3965 1243 4044 ἐρωμένων
1266 3965 1456 4030 uendentes&

335 4080 408 4144 Non
431 4087 516 4145 recte
539 4081 621 4145 hanc
645 4083 834 4146 sententiam
855 4083 1023 4146 decurrere
1042 4082 1106 4144 iam
1125 4081 1218 4144 multi
1238 4079 1457 4144 observarunt

335 4192 447 4258 Omnis
470 4200 576 4259 mmen
600 4200 721 4258 remota
743 4197 803 4260 erit
827 4195 971 4260 molestia
994 4197 1021 4258 si
1047 4195 1302 4279 expunxerimus
1329 4193 1457 4257 adiecti·

338 4327 415 4371 rum
438 4306 541 4390 ῥηίδιον,
567 4309 685 4392 quippe
709 4310 794 4392 quod
818 4308 859 4372 ad
878 4308 1103 4392 explicandum
1123 4305 1242 4380 εὐπετές
1262 4307 1458 4390 adscriptum
