3352 5260
739 608 803 670 175

252 791 443 857 Elocuticne
465 811 595 876 quoque
618 791 868 857 Oeconomicum
892 793 979 856 haud
1000 792 1115 856 leviter
1138 813 1158 856 a
1179 793 1336 858 Memora-

208 906 328 972 bilibus
352 908 541 991 discrepare,
563 926 667 989 nemo,
690 908 748 990 qui
769 907 808 970 ab
828 907 960 971 alterins
980 905 1055 970 libri
1073 907 1211 971 lectione
1223 927 1336 972 recens

207 1020 247 1084 ad
281 1021 417 1085 alterum
448 1025 597 1101 transeat,
628 1039 693 1082 non
725 1021 837 1098 sentit;
871 1038 945 1082 nam
969 1020 1154 1083 sentiuntur
1177 1019 1337 1084 eiusmodi

209 1133 413 1217 differentiae,
447 1133 659 1197 demonstrari
691 1133 746 1194 vix
776 1138 920 1215 possunt.
951 1131 1063 1194 Unum
1091 1137 1199 1197 tamen
1224 1133 1336 1198 afferre

206 1247 258 1310 hic
291 1247 390 1326 lubet,
424 1245 644 1330 quod'obiter
677 1245 810 1329 quidem
843 1245 1032 1328 adspicienti
1062 1246 1278 1310 leviusculum
1304 1253 1337 1310 et

208 1360 477 1425 contemnendum
499 1360 601 1424 videri
624 1361 733 1442 possit,
757 1363 903 1423 accurate
926 1377 1002 1423 vero
1024 1377 1093 1422 rem
1112 1359 1335 1442 perpendenti·

208 1473 270 1538 bus
294 1474 381 1538 haud
404 1473 577 1558 spernendi
600 1473 781 1556 argumenti
800 1474 867 1535 rim
886 1470 1002 1536 habere
1020 1472 1271 1536 existimandum
1284 1474 1335 1536 sit.

208 1585 428 1670 Interrogatus
471 1586 702 1650 Ischomachus
743 1587 862 1649 iterum
903 1586 1086 1667 iterumque
1121 1585 1336 1668 respondendi

207 1700 336 1763 initium
356 1699 433 1762 facit
455 1719 474 1762 a
497 1697 604 1763 verbis
623 1695 654 1761 ri
671 1696 713 1769 δέ,
732 1697 757 1761 εἰ
776 1696 830 1773 μή,
853 1716 955 1780 eaque
968 1716 1043 1780 ergo
1055 1697 1195 1760 formula
1205 1701 1335 1782 saepius

206 1814 239 1875 in
275 1811 487 1877 Oeconomico
519 1815 670 1877 recurrit:
701 1813 823 1876 frustra
855 1812 988 1876 eandem
1018 1814 1054 1875 in
1085 1813 1199 1876 ceteris
1221 1811 1333 1877 Xeno·

207 1927 335 2009 phontis
365 1927 458 1991 libris
489 1947 632 2010 quaeres.
656 1925 731 1990 Noli
753 1932 862 1990 tamen
885 1930 1006 2009 putare,
1031 1926 1076 1988 mi
1098 1923 1221 2006 Lector,
1244 1945 1335 1990 nnnc

207 2060 259 2104 me
280 2041 321 2104 ad
344 2042 532 2105 statisticam
555 2048 656 2105 artem
679 2041 860 2124 coningere.
883 2039 958 2104 Non
978 2041 1064 2104 enim
1083 2059 1121 2105 ea
1140 2039 1238 2104 verba
1250 2060 1333 2123 quae

207 2154 304 2216 citavi
336 2173 379 2219 ex
409 2155 541 2218 illorum
569 2160 646 2219 sunt
667 2173 812 2236 numero,
833 2173 916 2237 quae
938 2158 994 2218 aut
1017 2155 1198 2218 necessario
1221 2157 1330 2237 requi-

206 2272 328 2349 rantur,
362 2274 419 2332 aut
454 2288 587 2352 prorsus
617 2268 708 2332 nulla
737 2269 860 2331 ratione
890 2267 1036 2330 adhiberi
1066 2268 1199 2350 possint,
1223 2268 1333 2350 qualia

207 2386 284 2444 sunt
313 2379 384 2458 μήν,
416 2385 487 2458 γοῦν
519 2383 589 2444 alia
620 2381 803 2446 Permultae
830 2385 907 2444 sunt
929 2381 1145 2464 respondendi
1166 2380 1333 2463 formulae,

207 2514 344 2576 quarum
378 2497 428 2559 vis
457 2515 590 2579 prorsus
620 2496 730 2560 eadem
755 2499 812 2577 est,
836 2499 868 2558 ct
889 2513 908 2558 e
930 2493 1053 2577 quibus
1076 2495 1210 2577 scriptor
1232 2495 1334 2576 igitur

207 2609 367 2690 optionem
390 2608 494 2672 facere
515 2613 619 2692 potest
640 2628 697 2692 pro
721 2627 781 2672 suo
801 2607 943 2688 arbitrio,
962 2608 1013 2670 vel
1032 2608 1139 2690 potius
1151 2627 1208 2690 pro
1220 2607 1330 2672 indole

204 2720 381 2802 hominum,
412 2740 494 2804 quos
524 2722 693 2804 loquentes
722 2721 856 2783 inducit
889 2718 982 2795 Quod
1007 2738 1081 2803 ergo
1103 2719 1332 2785 ischomachus

204 2831 459 2917 Xenophonteus
485 2839 550 2897 tam
574 2852 668 2917 saepe
690 2834 778 2897 istud
800 2832 832 2895 ri
852 2831 893 2904 δέ,
916 2832 941 2894 εἰ
962 2831 1006 2908 μή
1029 2833 1064 2895 in
1088 2851 1142 2896 ore
1165 2833 1269 2912 habet,
1293 2835 1328 2896 in

205 2964 243 3008 ea
271 2965 315 3028 ra,
342 2949 490 3029 quamvis
512 2949 631 3031 exigua
652 2947 842 3030 nulliusque
864 2948 958 3030 pretii
980 2947 1147 3010 nonnullis
1170 2947 1328 3030 rideatur,

204 3077 242 3121 ea
265 3061 428 3142 scriptoris
451 3062 555 3124 virtus
576 3061 726 3141 cernitur,
751 3080 835 3143 qnae
854 3080 1050 3142 quamquam
1071 3059 1222 3124 omnibus
1234 3058 1328 3124 bonis

204 3172 411 3256 scriptoribus
430 3177 610 3238 communis
629 3179 813 3256 esttamen
834 3193 909 3257 prae
921 3175 1033 3238 ceteris
1044 3175 1079 3236 in
1090 3173 1189 3255 Lysia
1201 3179 1326 3239 oratore

203 3285 367 3348 laudatur:
398 3285 452 3358 rior
482 3284 627 3359 idoneitas
658 3287 738 3350 dico.
762 3285 797 3350 Si
820 3288 894 3369 quis
917 3288 1005 3350 enim
1025 3285 1223 3369 hominibus,
1246 3307 1329 3370 quos

203 3397 371 3480 loquentes
389 3399 523 3481 inducit,
541 3399 639 3463 verba
656 3399 808 3483 praebere
827 3398 899 3462 vult
913 3399 1058 3481 ipsorum
1071 3399 1215 3464 moribus
1229 3420 1328 3484 qnam

203 3514 344 3576 maxime
365 3513 575 3594 accomodata,
597 3513 778 3576 istiusmodi
801 3512 948 3576 brevium
969 3511 1180 3576 formularum
1203 3515 1236 3577 ei
1255 3519 1329 3578 ante

202 3627 310 3688 omnia
341 3631 390 3690 est
422 3625 569 3690 habenda
601 3627 691 3690 ratio.
723 3625 885 3709 Exemplo
916 3632 997 3707 utar,
1028 3625 1114 3708 quod
1146 3645 1188 3689 ne
1218 3627 1329 3709 pueris

201 3738 332 3822 quidem
363 3740 511 3822 ignotum
541 3743 597 3802 est
625 3737 831 3822 Responsum
865 3737 1151 3821 „affirmativum'',
1176 3744 1214 3801 ut
1236 3757 1327 3802 nunc

200 3851 372 3934 loquimur,
414 3851 525 3915 multis
566 3852 670 3915 modis
712 3853 875 3915 enuntiari
907 3856 1019 3935 potest
1054 3850 1145 3914 Idem
1183 3855 1232 3915 est
1267 3849 1325 3923 vai,

201 3967 250 4028 nai
289 3963 390 4042 μάλα,
423 3965 501 4030 πάνυ
535 3990 572 4043 γε
605 3973 636 4031 et
668 3966 770 4030 multa
803 3967 867 4029 alia
899 3972 976 4030 sunt
1009 3965 1154 4029 eiusdem
1187 3966 1325 4049 generis.

202 4077 296 4154 Quod
328 4086 435 4144 autem
467 4081 697 4164 Aristophanes
731 4082 766 4143 in
801 4079 897 4142 Pluto
926 4078 1037 4142 fabula
1066 4078 1166 4162 probo
1189 4079 1325 4160 homini,

201 4212 297 4275 quem
326 4194 360 4256 in
393 4213 522 4256 scenam
552 4193 708 4277 producit,
739 4211 864 4276 semper
885 4191 999 4255 tribuit
1018 4191 1189 4255 formulam
1214 4189 1324 4269 κομιδῇ

201 4305 257 4382 μὲν
297 4299 354 4379 οὖν,
395 4307 429 4370 id
469 4326 535 4371 non
568 4309 639 4372 sine
670 4327 770 4372 causa
801 4306 885 4389 fecit,
917 4305 975 4370 scd
1005 4305 1078 4369 ideo
1113 4323 1184 4368 cam
1218 4304 1325 4387 elegit,
