3352 5260
934 606 997 668 134

395 793 542 857 homines
573 792 786 857 admonentur
809 795 845 856 ut
867 793 969 876 magis
992 793 1087 856 etiam
1112 792 1341 877 cupiditatibus
1363 795 1521 880 imperare

398 908 530 984 discant,
551 907 586 971 id
609 911 658 971 est
680 911 718 971 ut
740 907 836 988 sitim,
859 906 985 988 famem,
1009 905 1097 970 brevi
1117 925 1229 972 omnes
1249 905 1366 988 φύσεως
1384 907 1521 986 drepanio

397 1019 536 1105 perferre
558 1017 739 1085 assuefiant

442 1133 599 1217 Lepidum
640 1132 790 1216 lectuque
831 1132 1103 1196 iucundissimum
1141 1151 1248 1218 neque
1286 1133 1522 1218 elegantissimo
1654 1207 1655 1224 ,

398 1248 552 1332 scriptore
573 1246 744 1330 indignum
768 1250 896 1311 sextum
919 1250 1015 1329 caput
1037 1249 1093 1310 est.
1113 1245 1187 1310 Non
1208 1247 1311 1310 dicam
1332 1267 1406 1314 cum
1420 1250 1523 1332 capite

398 1358 429 1421 V
462 1361 594 1423 omnino
623 1360 716 1443 iungi
746 1377 812 1422 non
842 1376 936 1443 posse
962 1360 1006 1437 (in
1031 1363 1170 1443 utroque
1193 1361 1279 1423 enim
1302 1360 1342 1425 de
1364 1359 1523 1444 ἐγκρατείᾳ

399 1473 525 1556 agitur),
548 1471 604 1537 sed
628 1491 729 1556 quum
754 1471 930 1554 considero,
953 1490 1050 1554 quam
1073 1479 1142 1536 arto
1165 1472 1296 1536 vinculo
1319 1488 1394 1537 eum
1418 1474 1522 1558 capite

398 1585 450 1650 HI
473 1585 647 1668 cohaereat,
669 1584 720 1648 vel
744 1602 782 1648 ea
805 1584 844 1648 de
866 1603 964 1648 causa
984 1583 1081 1650 simul
1101 1603 1175 1648 cum
1195 1589 1308 1669 quarto
1328 1589 1359 1650 et
1370 1586 1522 1669 quintum

399 1703 496 1784 caput
518 1696 629 1762 abesse
652 1697 768 1761 malim.
793 1696 984 1762 Praesertim
1009 1715 1027 1760 e
1049 1697 1090 1778 ἐξ
1112 1699 1131 1760 9
1151 1702 1183 1762 et
1203 1697 1243 1760 10
1264 1702 1394 1781 apparet
1412 1697 1523 1762 Socra·

400 1818 464 1877 tem
497 1812 537 1876 de
564 1829 658 1877 ears
682 1829 862 1876 sermonem
885 1812 1061 1893 instituere,
1083 1811 1118 1873 in
1143 1830 1207 1894 qua
1229 1815 1331 1875 totum
1357 1830 1382 1874 c.
1408 1813 1428 1874 3
1453 1830 1523 1876 ver·
1656 1823 1657 1830 ’

401 1930 497 1990 satur.
529 1924 571 1990 Et
601 1929 650 1990 est
680 1924 852 1988 admodum
876 1927 966 2008 grata
989 1929 1020 1988 et
1042 1923 1186 1988 iucunda
1208 1925 1354 2007 varietas,
1379 1944 1444 2009 qua
1467 1924 1524 1989 So-

401 2043 503 2103 crates
536 2039 631 2103 modo
666 2037 761 2102 amici
794 2037 997 2117 admonendi,
1032 2037 1125 2101 modo
1155 2037 1328 2102 adversarii
1356 2037 1524 2104 refellendi
1657 2097 1658 2102 ,

400 2171 497 2217 causa
524 2152 656 2216 eandem
681 2151 836 2236 simplicis
857 2150 1058 2235 frugalisque
1079 2150 1164 2214 vitae
1186 2150 1339 2214 virtutem
1362 2169 1523 2214 commen·

400 2265 480 2330 dans
502 2265 675 2329 inducitur.
699 2264 842 2328 Alteram
867 2269 974 2328 autem
994 2263 1129 2327 huiusce
1146 2263 1258 2346 cepitis
1270 2267 1392 2346 partem
1405 2265 1434 2346 (a
1447 2264 1466 2345 ξ
1480 2264 1521 2326 11

399 2397 505 2462 usque
528 2378 568 2442 ad
589 2377 698 2458 tinent
720 2377 785 2441 huc
807 2376 937 2441 aliunde
958 2381 1090 2440 tractam
1113 2393 1183 2440 esse
1206 2394 1272 2440 non
1300 2375 1432 2462 negabo

444 2490 548 2574 Caput
580 2490 646 2554 VH
678 2509 735 2575 per
769 2509 804 2555 se
836 2488 1083 2573 improbandum
1117 2507 1183 2553 non
1213 2493 1270 2571 eet,
1302 2489 1358 2554 sed
1389 2489 1524 2554 moleste

400 2604 544 2669 ordinem
578 2603 718 2674 turbata
739 2622 804 2667 non
835 2604 921 2666 enim
951 2602 991 2668 de
1013 2599 1170 2684 ἐγκρατείᾳ
1191 2602 1378 2686 exercenda,
1402 2603 1457 2667 sed
1481 2603 1523 2668 de

399 2714 558 2799 ἀλαζονείᾳ
590 2716 743 2801 fugienda
775 2717 849 2800 agit
885 2713 1041 2780 Credibile
1074 2720 1123 2778 est
1151 2713 1191 2778 ab
1222 2716 1381 2780 imitatore
1412 2716 1523 2800 aliquo

399 2830 626 2914 Xenophontis
648 2832 861 2914 compositum
884 2848 963 2912 esse,
987 2831 1044 2912 qui
1067 2828 1214 2913 exemplo
1238 2833 1383 2893 uteretur
1405 2829 1524 2912 verbis,

401 2964 484 3028 quae
505 2944 658 3028 leguntur
680 2942 723 3026 II,
751 2944 780 3026 6,
804 2943 944 3006 36-39.

444 3056 471 3121 ll
506 3058 609 3141 capite
642 3058 746 3140 primo
780 3055 855 3120 libri
889 3055 1023 3120 secundi
1055 3053 1178 3138 liquido
1213 3060 1342 3139 apparet
1370 3055 1523 3120 ultimum

400 3170 618 3253 praecedentis
650 3167 723 3232 libri
754 3174 850 3253 caput
879 3167 956 3232 ferri
978 3167 1068 3232 nullo
1091 3167 1185 3231 modo
1208 3186 1318 3252 posse:
1343 3170 1522 3234 nonenim

399 3282 581 3367 Xenophon
623 3282 858 3365 lepidissimum
890 3281 973 3346 illud
1006 3300 1081 3344 cum
1114 3282 1278 3365 Aristippo
1312 3281 1526 3365 colloquium,

400 3396 712 3482 pulcherrimamque
734 3394 877 3460 Proxeni
898 3393 1042 3459 fabulam
1066 3395 1186 3458 inserto
1210 3394 1248 3458 de
1271 3390 1429 3476 ἀλαζονείᾳ
1451 3394 1524 3458 loco

401 3530 420 3574 a
446 3511 549 3593 capite
574 3508 620 3572 VI
641 3506 730 3572 Libri
752 3507 769 3571 I
792 3508 944 3589 seiunxit,
969 3506 1025 3571 sed
1049 3507 1210 3587 continua,
1234 3511 1272 3569 ut
1295 3507 1415 3590 opinor,
1439 3509 1524 3572 serie

401 3628 498 3687 totam
534 3620 573 3686 de
607 3618 763 3701 ἐγκρατείᾳ
792 3624 914 3704 partem
945 3619 984 3683 ab
1007 3620 1100 3683 initio
1125 3617 1285 3682 adfinem
1307 3621 1525 3704 pertractarit,

401 3734 646 3816 observavitque
668 3734 780 3817 legem,
804 3753 868 3816 qua
891 3733 1060 3816 scriptores
1082 3731 1236 3795 iubentur
1259 3749 1371 3796 curare
1391 3731 1525 3797 utfinis

401 3866 536 3914 coronae
557 3848 659 3911 instar
681 3847 740 3909 toti
765 3847 852 3930 operi
875 3846 916 3910 sit
939 3845 1044 3910 decori
1069 3851 1100 3910 et
1124 3849 1320 3910 ornamento.
