3348 5262
777 552 842 614 279

242 733 323 811 perd
347 731 483 813 Δωριέως.
510 733 596 810 Quid
620 755 696 820 ergo
720 744 769 800 est
786 737 984 821 legendum?
1004 735 1127 822 Nempe
1142 736 1271 802 ιὶνέπλει.
1285 739 1368 806 Nam

241 867 373 932 prorsus
405 847 490 912 idem
514 849 696 932 significant
718 849 863 912 ἀναπλεῖν
887 855 926 934 et,
953 851 1040 934 quod
1063 851 1149 935 apud
1171 851 1369 938 Xenophon-

241 967 306 1026 tem
328 963 575 1027 usitatissimum
600 971 656 1046 est,
675 960 847 1040 αὶναὶγεσύαι.
869 963 985 1028 Confer
1004 985 1092 1028 nunc
1111 985 1194 1048 quae
1207 965 1246 1029 de
1258 967 1369 1030 eodem

240 1095 274 1140 re
309 1076 463 1160 leguntur
497 1076 584 1160 apud
614 1075 811 1140 Diodorum:
844 1075 988 1157 Μίνδαρος
1011 1076 1128 1156 ἀνήχθη
1153 1077 1235 1155 μετὰ
1257 1079 1369 1151 παντὸς

239 1193 291 1252 τοῦ
312 1186 424 1252 στόλου.
439 1189 481 1253 nt
493 1190 578 1274 apud
589 1190 836 1274 Xenophontem
850 1193 957 1255 statim
971 1192 1049 1254 haec
1060 1191 1158 1255 verba
1171 1198 1367 1276 sequuntur:

240 1300 263 1364 υἱ
292 1300 324 1364 δὲ
354 1301 505 1374 Ἀθηναῖοι
534 1299 767 1379 νὶντανιινόμενυι
795 1301 1023 1381 ἐναυμάχησαν.
1049 1303 1083 1366 Si
1107 1306 1181 1387 quis
1204 1324 1255 1370 me
1276 1311 1370 1389 roget

239 1415 326 1478 unde
348 1416 465 1479 vitium
487 1422 601 1480 natum
624 1418 816 1496 existimem,
835 1417 895 1480 hoc
913 1417 979 1481 fere
998 1418 1225 1500 respondeam:
1247 1424 1278 1482 et
1291 1421 1367 1503 quic

238 1531 450 1612 compositum
492 1529 638 1592 ἀναπλεῖν
678 1531 764 1614 apud
797 1529 1045 1614 Xenophontem
1080 1532 1281 1595 rarissimum
1317 1539 1369 1598 est

239 1644 324 1726 (quis
357 1647 463 1706 autem
495 1643 602 1707 credat
634 1644 780 1707 consulto
807 1643 846 1706 ab
870 1662 907 1706 eo
931 1662 1001 1708 esse
1027 1645 1209 1726 1110111011),
1233 1651 1265 1709 01
1289 1647 1366 1729 quie

238 1757 374 1840 legentis
418 1756 551 1821 auribus
585 1759 711 1841 ingrate
745 1762 814 1823 eret
846 1759 1090 1842 praepositionis
1124 1757 1185 1820 11ναὶ
1218 1760 1364 1844 repetitio

240 1866 382 1949 (alvioto,
422 1867 580 1946 ιὶναλιὶβυι,
623 1867 876 1952 ἀνταναγόμενυι).
919 1869 983 1934 Sed
1025 1870 1136 1954 pluriS,
1171 1877 1207 1935 ut
1243 1873 1365 1956 opinor,

242 1982 386 2046 faciende
408 1987 457 2047 est
480 1984 638 2047 sententia
662 2003 758 2066 quam
783 1984 949 2068 euphonia.

280 2095 306 2178 Ι,
342 2095 392 2159 15.
422 2095 484 2160 His
514 2096 620 2160 verbis
644 2096 738 2160 dolus
761 2096 938 2161 Alcibiadis
962 2102 1127 2161 narratur:
1151 2091 1250 2169 ἐπειδὴ
1274 2097 1362 2180 ὡραί-

237 2231 335 2281 σιιντυ,
372 2208 413 2272 παὶ
446 2215 540 2272 πλοῖα
575 2207 677 2273 παντα
706 2207 760 2272 καὶ
790 2207 831 2272 παὶ
860 2207 951 2289 μικραὶ
981 2207 1142 2288 συνήθροισε
1164 2211 1234 2289 παρ’
1260 2209 1363 2276 ἑαυτὸν

235 2317 311 2392 ὅπως
342 2319 447 2397 μηδεὶς
478 2317 653 2399 ἐξαγγείλαι
684 2327 745 2393 τοῖς
774 2319 924 2398 πολεμίοις
950 2321 982 2384 πὸ
1007 2321 1115 2394 πλῆθος
1139 2325 1195 2384 πῶν
1219 2325 1296 2385 νεῶν.
1321 2321 1362 2388 In

237 2434 400 2500 vocabulis
423 2432 539 2514 καὶτα
562 2433 652 2515 μικραὶ
676 2441 707 2500 01
729 2435 818 2499 haesi
842 2418 968 2519 semper
987 2442 1019 2499 et
1039 2437 1225 2499 etiamnunc
1236 2436 1359 2502 haereo.

235 2546 333 2631 Apud
365 2547 575 2612 Plutarchum
609 2549 686 2612 haec
715 2549 869 2632 leguntur
900 2549 979 2629 (Alc.
1012 2549 1085 2630 28):
1109 2544 1258 2610 ἐκέλευσεν
1281 2545 1360 2620 ἔντος

234 2658 440 2739 παραβάλλειν
463 2658 503 2723 παὶ
525 2659 624 2723 λεπτὰ
647 2667 736 2724 πλοῖα
756 2658 807 2724 καὶ
827 2657 1075 2740 παραφυλάσσειν
1088 2657 1164 2731 ὅπως
1176 2659 1248 2732 xci„
1261 2661 1360 2748 idque

236 2794 299 2857 quo
324 2775 458 2838 oonsilio
480 2774 592 2838 fecerit
614 2773 798 2838 Alcibiades
821 2779 906 2837 recte
926 2772 1358 2855 explicotBreitenbachius:

233 2907 332 2971 parva
356 2889 440 2950 enim
465 2889 593 2972 navigia
617 2908 682 2951 non
706 2893 772 2951 tam
794 2887 886 2952 facile
911 2887 1065 2950 custodiri
1087 2891 1234 2969 poterent
1260 2907 1356 2971 quom

233 3021 368 3086 magnae
395 3003 547 3065 triremes.
571 3001 693 3066 Vereor
715 3006 821 3065 tamen
844 3006 881 3064 ut
904 3007 988 3064 recte
1011 2999 1237 3082 Xenophontis
1260 3000 1359 3064 verbo

232 3116 460 3198 interpretetus
490 3116 548 3178 sit:
583 3117 719 3194 „omnio
741 3116 868 3197 navigia
891 3115 1098 3197 (praesertim)
1124 3115 1218 3176 etiam
1243 3133 1358 3196 parvas

233 3226 396 3308 (lintres).”
419 3226 502 3291 Nam
525 3227 607 3291 ferre
632 3227 764 3311 quidem
786 3228 907 3311 possim
930 3227 972 3288 τα
996 3232 1087 3288 πλοῖα
1111 3221 1222 3296 σαντα,
1244 3221 1296 3288 κα1
1317 3223 1358 3288 ταὶ

232 3336 395 3418 μικρότατα
420 3341 629 3424 (quemquem
652 3340 732 3404 illud
753 3358 882 3423 quoque
901 3338 1068 3403 verbosius
1082 3358 1178 3421 quam
1190 3358 1247 3421 pro
1259 3339 1357 3403 huius

230 3451 304 3515 libri
328 3451 482 3516 brevitate
505 3453 626 3516 dictum
650 3457 752 3534 esset),
776 3453 832 3517 sed
854 3450 895 3514 τα
914 3457 1006 3514 πλοῖα
1027 3449 1128 3515 σαντα
1147 3448 1200 3513 καὶ
1213 3448 1357 3530 supinet

231 3562 405 3628 absurdum
438 3565 572 3628 videtur.
605 3563 711 3628 Sensit
735 3564 1040 3646 100800001001110,
1065 3566 1122 3647 qui
1146 3563 1355 3628 Plutarchum

232 3679 414 3761 suspicetur
444 3679 560 3761 legisse
583 3674 685 3740 odore
708 3676 748 3740 ταὶ
773 3673 872 3756 μιαραὶ,
897 3679 1003 3760 ipsum
1027 3684 1135 3741 autem
1158 3675 1355 3760 Xenophon-

229 3798 294 3856 tem
328 3793 494 3874 scripsisse
525 3789 566 3854 πόι
595 3798 689 3854 πλοῖα
719 3789 821 3854 πάντα
844 3791 885 3854 ταὶ
907 3788 998 3870 μικραὶ
1022 3792 1151 3869 (omisso
1175 3789 1249 3871 καί).
1271 3790 1355 3854 Vide

229 3906 354 3968 doctam
381 3905 566 3970 Schneideri
588 3907 836 3968 annotationem.
860 3903 922 3968 Sed
945 3923 1058 3986 perum
1082 3904 1265 3967 verisimilis
1285 3906 1355 3967 eius

230 4020 412 4083 coniectura
447 4020 581 4083 videtur.
615 4017 732 4082 Nonne
767 4020 851 4082 enim
887 4039 907 4080 c
939 4017 1154 4101 Xenophonte
1188 4024 1354 4100 exspectes

227 4133 334 4215 potius
356 4129 457 4196 πάντα
481 4131 521 4195 τα
544 4131 634 4212 μικραὶ
656 4133 773 4197 uteie?
798 4131 957 4214 Equidem
982 4131 1083 4193 multo
1108 4132 1210 4214 magis
1229 4131 1263 4192 in
1283 4149 1353 4194 eam

230 4247 420 4309 sententiam
445 4247 576 4328 inclino,
595 4251 632 4310 ut
656 4246 781 4309 credam
803 4244 1050 4328 Xenophontem
1073 4242 1250 4308 dedissent
1262 4249 1355 4308 πλοῖα
