3348 5262
842 639 907 702 246

353 825 458 910 Caput
488 823 547 908 IX,
578 824 607 887 6.
640 824 728 888 Puer
750 828 782 890 et
804 825 920 908 puella,
945 843 1026 908 quoe
1050 843 1160 888 secum
1183 824 1320 889 adduxit
1343 822 1439 905 Syra·

309 940 416 1004 oosiue
447 945 511 1003 tam
544 939 686 1023 egregrie
714 938 834 1002 Bacchi
866 943 897 1003 et
919 939 1081 1002 Ariadnae
1104 957 1247 1002 amorem
1270 938 1439 1004 imitantur

309 1058 347 1117 ut
369 1071 531 1117 summam
554 1053 767 1136 spectantium
789 1057 939 1116 moveant
958 1052 1219 1116 admirationem:
1240 1047 1436 1132 ἐῴκεσμννοὶρ

308 1167 339 1230 οὐ
371 1163 591 1243 δεδιδιονμὲνοιο
614 1163 655 1228 τοὶ
677 1163 832 1244 σχήμοινοι
854 1164 925 1228 ἀλλ’
949 1163 1112 1246 ἐφειμένοις
1134 1162 1272 1245 πράττειν
1295 1161 1316 1229 οἳ
1339 1163 1437 1228 roiam

310 1276 478 1356 ἐπεθύμουν.
512 1278 657 1343 Verbum
686 1275 799 1358 ε’φιένιοι
822 1278 907 1342 idem
931 1279 1018 1362 quod
1040 1279 1180 1343 latinum
1206 1278 1437 1364 „permittere”

310 1391 491 1476 significare
515 1410 581 1455 non
599 1392 721 1475 ignoro.
742 1389 830 1455 Num
850 1396 957 1456 tamen
976 1390 1101 1471 ἐφιεμοιι
1121 1397 1207 1456 reete
1225 1392 1436 1475 dioaturpro:

310 1506 390 1568 mihi
412 1506 615 1589 permittitur,
640 1505 844 1569 vehementer
863 1503 983 1569 dubito.
1004 1503 1141 1569 Nullum
1163 1505 1251 1569 verbi
1268 1502 1338 1568 ἱένοοι
1351 1524 1438 1569 oom-

310 1619 451 1702 positum
474 1617 526 1681 hio
549 1618 655 1701 aptius
675 1623 856 1702 poneretur,
877 1637 973 1702 quam
992 1615 1111 1681 οὶνιένιιι.
1131 1618 1242 1684 Solent
1254 1620 1341 1686 enim
1352 1620 1438 1682 inter
1459 1683 1460 1686 ,

311 1751 345 1796 se
369 1732 495 1814 opponi,
520 1749 603 1814 quae
625 1733 717 1814 pueri
737 1731 929 1815 puellaeque
948 1732 1008 1796 sub
1030 1733 1174 1817 magistri
1192 1731 1438 1816 oculisfaoinnt‚

310 1850 341 1909 et
365 1862 448 1928 quae
470 1841 613 1919 ἀνειμένοι
635 1843 765 1908 faciunt
790 1842 835 1908 Cf.
857 1843 959 1926 Plato,
981 1843 1076 1909 Laoh.
1100 1865 1126 1910 e.
1152 1847 1187 1908 1:
1209 1845 1282 1922 ἡμῖν
1301 1838 1367 1909 οὖν.
1382 1891 1389 1908 .
1404 1892 1436 1908 ..

310 1955 444 2021 δέδοκται
458 2003 465 2020 .
480 2003 488 2019 .
502 2003 532 2019 ..
559 1955 603 2034 μὴ
625 1962 743 2029 ποιῆοοιι
766 1953 834 2036 ὅπερ
856 1955 880 2020 οἱ
903 1957 1015 2031 πολλοί,
1035 1957 1133 2031 ἐπειδὴ
1153 1959 1288 2036 μειράκιον
1307 1957 1438 2037 γέγονεν,

310 2069 423 2133 οὶνεῖνιοι
445 2068 554 2141 αὐτοὺς
577 2065 600 2142 δ’,
625 2092 654 2133 τι
676 2066 834 2146 βούλονται
859 2076 960 2144 ποιεῖν,
984 2069 1068 2135 ἀλλὰ
1090 2076 1140 2136 νῦν
1163 2070 1199 2144 δὴ
1222 2070 1274 2136 aul
1293 2068 1439 2153 ἄρχεσθοιι

310 2183 406 2247 αὐτῶν
428 2182 642 2262 ἐπιμελεῖσθαι.
