3330 5262
742 637 806 699 323

205 817 309 882 ἐκείνου
341 815 371 882 δὲ
402 816 491 882 πλέον
522 816 538 892 ἢ
572 817 645 882 δέκα
674 821 772 897 μηνῶν
797 816 961 883 διελθόντων
984 817 1119 898 γενέσθαι
1142 821 1191 884 τὸν
1214 828 1335 884 Λεοντο-

205 929 304 1010 χίδην.
340 931 383 995 Et
416 933 450 994 in
485 932 552 995 vita
581 931 758 996 Alcibiadis
790 934 826 1016 (c.
860 934 902 996 23
927 935 1035 1014 extat:
1060 931 1214 997 ἐπίστευσε
1237 933 1269 998 δὲ
1291 933 1331 1013 τῷ

204 1042 296 1124 χρόνῳ
328 1042 465 1120 μάλιστα
499 1043 532 1128 (o‘
560 1039 687 1129 Ἆγις),
711 1041 754 1120 ὅτι
777 1047 900 1121 σεισμοῦ
924 1041 1079 1123 γενομένου
1102 1043 1246 1123 Φοβηθεὶς
1269 1041 1332 1118 ἐξέ-

205 1154 299 1236 iprae
328 1161 379 1221 τοῦ
412 1154 549 1234 θαλάμου
580 1156 663 1236 πηροὶ
685 1163 738 1230 τῆς
762 1156 909 1234 γυναικός,
934 1151 998 1220 aira
1021 1156 1093 1221 δέκα
1116 1161 1214 1235 μηνῶν
1238 1156 1332 1221 οὐκέτι

204 1268 342 1340 συνῆλθεν
372 1269 459 1349 αὐτῇ,
485 1268 549 1346 μεθ’
575 1263 622 1340 οὓς
645 1265 799 1345 γενόμενον
822 1269 871 1332 τὸν
894 1266 1093 1347 Λεωτυχίδην
1117 1267 1276 1350 ἀπέφησεν
1298 1265 1333 1342 ἐξ

205 1381 297 1444 αὐτοῦ
321 1379 365 1457 μη
388 1379 547 1458 γενονέναι.
572 1381 634 1445 His
657 1382 757 1464 igitur
776 1380 942 1445 Plutarchi
963 1380 1068 1444 verbis
1088 1401 1209 1458 omnes,
1229 1401 1331 1465 quan·

204 1497 273 1557 uim
306 1495 383 1575 scio,
414 1495 475 1556 viri
504 1494 597 1570 docti,
626 1495 682 1577 qui
705 1491 914 1577 Xenophonti
938 1512 1064 1576 operam
1090 1493 1255 1576 dederunt,
1279 1495 1332 1558 usi

206 1611 283 1670 sunt
312 1611 350 1670 ut
381 1605 606 1690 Xenophontis
637 1605 734 1670 verba
765 1607 979 1688 explicarent:
1011 1625 1169 1689 perverse,
1191 1613 1229 1670 ut
1251 1607 1331 1670 mihi

207 1719 338 1802 quidem
361 1719 505 1800 videtur3
529 1719 585 1782 sed
610 1719 711 1782 multo
736 1719 830 1782 etiam
854 1721 1036 1802 perversius
1055 1737 1125 1782 esse
1143 1724 1230 1802 puto,
1243 1720 1330 1802 quod

204 1851 306 1915 pauca
341 1833 497 1914 quaedam
530 1831 615 1914 apud
644 1830 892 1915 Xenophontem
925 1836 1099 1914 mutarunt,
1132 1851 1197 1914 quo
1229 1833 1331 1895 maior

205 1944 367 2008 videretur
389 1945 580 2027 scriptorum
605 1963 790 2008 consensus.
818 1942 976 2008 Contendo
994 1943 1076 2007 enirn
1095 1965 1132 2007 aa
1151 1945 1333 2024 qnaeapnd

204 2055 414 2120 Plutarchum
433 2057 580 2139 ieqantur
600 2057 727 2120 minime
742 2077 807 2120 esse
821 2056 1006 2136 prohabrlia,
1025 2063 1055 2120 et
1072 2056 1330 2138 Xenophontcam

204 2167 421 2233 narrationem
443 2189 512 2234 anm
534 2168 729 2233 Plutarcbea
752 2169 840 2233 nullo
863 2170 951 2233 neoda
973 2169 1134 2233 conciliari
1153 2189 1251 2249 posse.

248 2281 317 2346 Iam
349 2283 409 2346 hoc
434 2281 658 2346 lubentissime
683 2281 799 2346 Oobeto
823 2283 981 2346 assentior
1003 2282 1083 2359 (coll.
1108 2283 1175 2346 crit.
1200 2303 1229 2366 p.
1254 2283 1330 2364 572)

207 2394 341 2477 Agidem
377 2395 440 2458 levi
471 2395 653 2478 suspicione
685 2399 809 2458 tantum
834 2394 968 2458 ductum
992 2413 1062 2458 osse
1085 2399 1116 2458 et
1140 2395 1220 2458 nihil
1243 2414 1330 2458 oom-

204 2503 333 2592 perisse.
370 2506 459 2583 Quae
490 2513 596 2572 autem
627 2508 724 2572 fuerit
747 2507 802 2570 illa
826 2508 966 2591 suspicio
990 2512 1023 2570 et
1046 2507 1131 2570 unde
1155 2512 1229 2570 nata
1253 2527 1330 2571 mox

204 2621 394 2685 videbimus.
418 2621 481 2685 Sed
505 2623 533 2685 si
555 2640 631 2685 vera
654 2626 738 2703 sunt,
761 2637 844 2704 quae
863 2625 973 2684 narrat
991 2619 1195 2701 Plutarchus,
1213 2620 1329 2701 hercle,

204 2753 271 2797 non
298 2734 378 2797 levis
400 2734 505 2817 potuit
528 2752 598 2797 esse
621 2733 770 2817 suspicio,
795 2751 877 2816 quae
899 2732 1037 2816 Agidem
1060 2738 1267 2816 permoveret,
1292 2738 1330 2796 ut

204 2846 352 2912 adulterii
376 2865 513 2911 uxorem
536 2851 708 2910 accusaret.
734 2844 819 2920 Quid
838 2845 949 2908 enim?
968 2844 1032 2908 Per
1051 2845 1186 2928 longum
1202 2853 1329 2927 tempus

204 2959 285 3044 Agis
319 2960 413 3024 domo
445 2958 547 3022 abtuit
578 2963 610 3022 et
638 2965 674 3038 τῇ
699 2954 818 3035 γννοοοκὶ
842 2956 874 3020 οὐ
897 2954 1072 3034 συνεγένετο.
1100 2955 1193 3031 Quod
1214 2956 1329 3022 fuisset

203 3075 292 3138 illius
326 3073 488 3137 absentiae
522 3073 652 3136 initium
687 3076 753 3135 tam
787 3069 884 3154 probe
916 3070 1045 3153 sciebat,
1076 3075 1112 3135 ut
1143 3071 1198 3154 per
1229 3076 1326 3135 totam

204 3187 301 3249 vitam
326 3187 396 3250 eius
420 3187 466 3249 rei
491 3184 637 3249 oblivisci
661 3204 726 3248 non
749 3189 864 3268 posset.
886 3182 1000 3247 'ferrae
1023 3185 1109 3246 enim
1127 3190 1217 3247 motu
1238 3185 1330 3249 terri·

205 3303 258 3363 tus
281 3299 320 3363 ab
344 3317 447 3388 uxore
471 3317 530 3362 sua
550 3301 581 3360 et
600 3316 617 3361 e
637 3296 786 3360 cubiculo
804 3296 961 3380 profugit:
986 3295 1328 3378 „effinxeruntdeoem

205 3431 340 3494 menses,
375 3431 431 3496 per
465 3429 546 3494 quos
583 3429 656 3474 cum
689 3428 792 3473 uxore
821 3429 888 3473 rem
920 3429 985 3473 non
1017 3409 1147 3490 habuit3
1170 3415 1241 3489 post
1260 3409 1329 3474 ilios

204 3523 413 3605 Leotychides
436 3521 608 3587 nascitur.''
630 3522 681 3586 Ita
703 3523 790 3585 onim
812 3522 847 3584 in
866 3521 1033 3586 Alcibiade
1054 3523 1206 3606 loquitur,
1228 3523 1327 3586 diser-

204 3637 340 3702 tioribus
363 3638 458 3701 etiam
483 3635 590 3700 verbis
615 3656 711 3720 quam
735 3637 770 3699 in
792 3635 951 3720 Agesilao.
975 3635 1122 3700 Profecto
1147 3637 1175 3700 si
1193 3637 1237 3699 ita
1258 3642 1328 3700 acta

203 3768 254 3814 res
278 3753 334 3832 est,
357 3769 422 3813 non
446 3747 668 3828 suspmahatnr
690 3749 769 3833 Agis
791 3750 847 3814 sed
865 3749 980 3814 sciebat
989 3748 1216 3830 Leotychidem
1230 3769 1327 3813 suum

203 3861 306 3926 filium
330 3882 396 3926 non
420 3882 507 3943 esse;
532 3883 595 3926 non
616 3863 831 3927 coniecturam
850 3863 986 3928 faciebat
1004 3863 1059 3927 sed
1078 3864 1180 3946 ipsam
1200 3862 1328 3926 tenebat

204 3977 386 4057 veritatem3
418 3996 484 4039 non
512 3976 683 4040 accusabat
705 3977 854 4040 adulterii
877 3996 1022 4058 uxorem,
1046 3975 1100 4040 sed
1124 3975 1325 4040 manifestam

203 4109 290 4154 roam
313 4089 448 4153 habebat
470 4088 740 4173 confitentemque
763 4109 845 4172 quae
864 4107 981 4173 negare
1002 4088 1197 4152 nullomodo
1210 4093 1326 4171 posset.

203 4201 305 4269 Testis
335 4204 421 4267 enim
451 4221 518 4266 non
540 4203 646 4267 solum
668 4203 697 4266 is
720 4208 795 4286 erat
820 4203 877 4286 qui
900 4201 1077 4282 accusabat,
1101 4201 1245 4282 maritus,
1269 4200 1326 4264 sed

206 4320 271 4380 tota
293 4315 421 4401 Sparta:
447 4335 512 4400 quo
537 4316 588 4380 die
610 4321 712 4380 terrae
732 4323 820 4380 motu
840 4313 989 4379 terribilis
1009 4315 1064 4378 ille
1081 4314 1197 4378 fuisset
1217 4313 1325 4378 incus-
