3352 5260
867 625 930 693 100

328 826 403 900 ergo
439 813 458 897 ᾖ
495 815 534 878 li
567 814 701 899 legitur:
734 812 908 894 τροςλοβὼν
938 813 1127 896 Πολυκράτην
1154 852 1196 864 -
1218 813 1270 880 κιο)
1294 815 1456 897 aspiracio

329 929 503 1008 στροοτκρῶν
526 924 650 991 ἑκοὶστου
670 926 760 1007 ἄνδροι
783 926 862 1000 τινιῆν
884 925 965 1008 τοιροὶ
989 926 1112 1001 Νέωνος.
1133 929 1259 995 Vitiosa
1279 930 1354 1012 §29
1366 950 1457 1015 prae-

329 1043 444 1127 positio
476 1043 652 1107 omittitur:
685 1039 737 1106 κοιὶ
767 1037 822 1116 ἔξω
854 1039 925 1106 εἰσὶν
957 1043 1016 1107 ciri
1040 1047 1097 1108 τῶν
1119 1046 1292 1123 στροοτιργῶν
1314 1042 1328 1108 ὃ
1352 1042 1455 1109 πιστό-

333 1178 423 1228 τοοτος
456 1153 570 1236 ἑκοίστιρ
605 1153 683 1227 τλῆν
717 1153 839 1228 Νέωνος,
871 1156 1108 1242 legendumque
1139 1155 1218 1229 τλῆν
1240 1156 1300 1221 cirri
1324 1155 1456 1230 Νέωνοςε

332 1289 397 1333 non
421 1270 507 1334 enim
530 1270 628 1334 duces
653 1269 709 1334 sed
732 1270 851 1334 milites
875 1247 1029 1336 satellites
1052 1269 1187 1335 habebat
1209 1269 1400 1355 Xenophon.

376 1383 435 1467 ΠΙ,
460 1386 488 1449 5.
513 1383 671 1449 Militibus
696 1384 774 1469 quid
797 1386 913 1450 sentiat
936 1387 981 1450 ita
1003 1386 1142 1450 declarat
1164 1384 1365 1471 Xenophon:
1390 1381 1457 1462 ἐμοὶ

333 1497 389 1576 μὲν
420 1491 467 1561 οὖν
499 1496 587 1568 δοκεῖ,
611 1495 672 1561 ἐπεὶ
696 1495 796 1562 ἐνθάδε
819 1495 884 1561 οὔτε
907 1495 1040 1579 ἀργύριον
1058 1477 1174 1577 ’ἔχομεν
1196 1494 1272 1562 ὥστε
1293 1495 1458 1578 οὶροροὶζειν,

334 1609 400 1675 οὔτε
430 1608 499 1676 ἄνευ
528 1609 660 1691 οὶργυρίου
685 1610 750 1674 ἐῶσι
773 1609 952 1688 λοιμβοὶνειν,
977 1612 1188 1684 ἐπανελθόντος
1213 1611 1253 1683 εἷς
1276 1610 1332 1682 τοὶς
1354 1610 1461 1689 κώμοις

335 1723 395 1790 ὅθεν
426 1725 451 1789 οἱ
480 1721 584 1798 ἥττους
615 1725 679 1788 aaa
710 1724 890 1803 λοιμβοένειν,
922 1726 1004 1790 ἐκεῖ.
1097 1725 1238 1806 υἱρεῖσθοοι
1261 1723 1304 1790 ὅτι
1327 1723 1363 1788 ἂν
1387 1725 1461 1802 ἥροῖν

335 1837 404 1918 bonai
439 1836 592 1918 κράτιστον
626 1831 707 1902 εἶνοοι.
742 1838 856 1923 Neque
890 1858 949 1923 ego
979 1840 1053 1922 soie,
1081 1859 1188 1923 neque
1219 1841 1400 1924 quisquam,
1423 1843 1462 1903 ut

336 1953 458 2036 opinor,
486 1953 569 2017 scire
599 1956 711 2037 potest,
743 1954 801 2036 qui
831 1953 896 2016 sint
919 1951 943 2016 ci
964 1948 1077 2024 ἥττους.
1101 1951 1277 2017 Kiihuerus
1299 1952 1461 2036 explicat:
1543 1957 1546 1962 “

341 2066 491 2147 „incolae
522 2066 677 2148 vicorum,
709 2067 767 2150 qui
796 2065 887 2130 vobis
915 2085 981 2129 nou
1003 2085 1096 2150 paras
1119 2070 1196 2130 suut
1218 2064 1372 2130 viribua”.
1397 2063 1461 2129 Sed

337 2181 411 2263 quis
447 2197 514 2242 non
549 2178 644 2260 videt,
674 2178 735 2241 hoc
767 2176 886 2242 Graece
918 2179 1091 2243 dicendum
1122 2197 1209 2243 esse:
1234 2177 1258 2242 oi
1279 2179 1461 2250 ἐνοικοῦντες,

337 2287 442 2364 ἥττους
465 2287 568 2363 darer?
596 2290 732 2355 Gravem
756 2291 807 2355 hic
830 2291 927 2357 latere
951 2291 1164 2376 corruptelam
1184 2296 1313 2377 propter
1329 2293 1463 2377 repetita

336 2406 434 2472 verba
459 2406 524 2470 ἐῶσι
547 2402 717 2482 maetam
741 2406 897 2489 suspicari
920 2406 1003 2469 licet.

384 2519 443 2602 HI,
469 2520 519 2583 16.
544 2518 679 2584 Seuthes
703 2519 800 2583 duces
824 2518 1039 2603 lochagosque
1062 2519 1102 2582 ad
1125 2537 1257 2583 coenam
1281 2524 1374 2583 vocat
1398 2516 1463 2582 ἐπεὶ

338 2632 369 2697 δὲ
392 2632 441 2696 ἐστὶ
468 2630 562 2712 οὔρους
587 2626 661 2706 ἥσοιν
684 2632 722 2703 ὥς
744 2628 794 2696 ἐπὶ
817 2631 931 2694 δεῖτνον
954 2627 1113 2710 τοιριέντες,
1138 2624 1171 2704 ἥν
1195 2654 1239 2702 τις
1264 2630 1463 2711 Ἡρακλείδης

337 2744 537 2826 Μαρωνείτης·
562 2739 642 2816 οὗτος
665 2744 781 2825 τροςιῶν
803 2742 846 2807 ἐνὶ
870 2741 984 2824 ἑκοέστιρ
1006 2743 1067 2808 κτὲ.
1088 2744 1238 2810 Absurde
1256 2745 1316 2809 hoo
1336 2746 1457 2809 dictum

339 2866 404 2941 est3
430 2861 508 2945 quid
531 2861 617 2924 enirn
638 2858 797 2943 significat
815 2851 873 2931 ivi
893 2858 946 2921 An
967 2858 1060 2922 illum
1072 2859 1235 2923 hominem
1247 2862 1317 2923 tum
1331 2859 1460 2924 demum

340 2974 527 3038 exstitisse?
563 2972 814 3036 Usitatissimam
847 2974 883 3035 in
913 2973 1095 3037 narratione
1129 2973 1279 3037 restitues
1309 2973 1464 3056 loquendi

340 3086 511 3150 formulam
543 3086 700 3169 particula
729 3083 787 3164 γὰρ
809 3085 987 3167 inserenda,
1011 3090 1042 3149 et
1065 3087 1161 3170 paulo
1185 3086 1275 3150 alitor
1296 3087 1465 3170 interpun-

340 3200 463 3284 gendo:
488 3196 552 3262 ἐπεὶ
577 3197 608 3262 δὲ
630 3197 677 3261 ἕτὶ
701 3196 794 3278 θύροοις
818 3192 892 3271 ἥσοιν
915 3200 944 3262 ὦ.
969 3199 991 3262 ε’.
1017 3198 1042 3263 ὃ.
1065 3197 1213 3280 ττοιριόντες
1235 3237 1277 3247 -
1297 3193 1330 3271 ἥν
1351 3197 1408 3280 aaa
1420 3222 1465 3272 τις

341 3311 538 3393 Ἡροοκλείδνρς
565 3311 752 3393 Μοιρωνείτκς
778 3350 820 3359 -
844 3307 924 3384 οὗτος
947 3312 1008 3377 κτὲ.

385 3425 445 3509 III,
474 3427 525 3490 17.
555 3425 742 3491 Heraclides
764 3427 819 3490 ille
842 3427 962 3510 legatos
985 3427 1139 3491 Pariauos
1163 3427 1329 3511 quosdam,
1351 3427 1465 3492 foedus

342 3560 417 3605 cum
452 3539 585 3605 Medocc
618 3538 817 3621 Odrysarum
847 3559 921 3624 rege
951 3540 1100 3623 facturos,
1125 3541 1217 3605 docet
1239 3541 1341 3605 multo
1364 3541 1467 3625 pluris

341 3653 520 3719 faciendam
557 3671 626 3717 csse
661 3651 788 3717 Seuthis
823 3654 1005 3736 amicitiam,
1036 3655 1092 3737 qui
1122 3658 1154 3718 et
1174 3655 1307 3738 propius
1329 3653 1462 3719 Parium

341 3787 478 3852 regnum
502 3766 624 3848 habeat,
646 3770 677 3831 et
700 3764 923 3850 Xenophontis
943 3768 1087 3831 exercitu
1106 3765 1167 3831 sibi
1188 3767 1338 3831 adiuncto
1352 3772 1465 3852 poten-

343 3883 488 3946 tissimus
519 3881 561 3945 sit
590 3880 728 3944 futurus.
759 3876 793 3951 ἥν
815 3871 862 3943 οὗν
885 3885 1062 3959 σωφρονῆτε,
1084 3877 1176 3960 τούτῳ
1200 3879 1308 3943 δώσετε
1328 3877 1353 3952 ὅ,
1377 3902 1406 3944 τι
1428 3877 1465 3944 ἂν

344 3991 449 4072 ἥγνισε.
473 3993 567 4057 Hanc
590 3993 809 4057 Bornemanui
831 3994 999 4058 lectionem
1023 3998 1055 4058 et
1074 3993 1265 4059 Schenklius
1286 4000 1318 4059 et
1336 3993 1467 4079 Hugius

254 4169 259 4178 ,
344 4110 379 4171 in
414 4127 489 4172 suas
524 4107 679 4171 editiones
713 4111 910 4191 receperunt,
944 4127 1041 4190 qnam
1073 4113 1254 4191 corruptam
1288 4125 1358 4172 esse
1389 4109 1469 4171 mihi

345 4224 477 4285 constat.
500 4217 650 4284 Dubitari
671 4221 757 4284 enim
776 4239 841 4282 non
861 4224 972 4304 potest,
992 4222 1072 4304 quin
1090 4220 1247 4304 legatiilli
1259 4221 1343 4284 dona
1355 4240 1466 4285 secum

345 4333 457 4398 ferant
487 4332 654 4397 Praecedit
677 4335 779 4396 enim:
803 4331 879 4412 δῶρον
900 4329 1024 4410 ἄγοντες
1046 4332 1127 4413 οιύτῷ
1151 4355 1185 4396 τε
1206 4331 1257 4397 xxi
1280 4340 1316 4414 τῆ
1340 4333 1466 4413 γυνοοικί.
