3352 5260
883 585 925 656 98

335 777 530 862 Anaxibiae,
570 779 681 844 classis
714 777 888 863 Spartanae
924 775 1111 862 praefectus,
1144 795 1220 842 cum
1256 775 1393 840 ducibus
1431 780 1464 839 et

334 895 475 979 lochagis
498 893 701 977 colloquitur,
725 892 939 976 intelligentes
959 890 1088 956 difficile
1108 895 1139 955 et
1159 890 1376 975 periculosum
1402 891 1465 954 iter

337 1009 465 1089 instare,
488 1024 593 1091 neque
617 1006 748 1071 daturos
772 1024 842 1071 esse
862 1010 1075 1070 commeatum
1094 1003 1276 1089 Spartanos,
1289 1003 1328 1067 ad
1349 1002 1463 1068 urbem

340 1125 518 1186 recurrunt.
562 1117 676 1184 Portas
711 1119 832 1184 claudit
864 1118 1055 1184 Eteonicus:
1092 1119 1230 1183 militum
1265 1117 1320 1182 alii
1353 1121 1462 1201 portas

341 1235 480 1318 pulsant,
504 1251 603 1317 seque
627 1252 680 1298 eas
704 1232 883 1298 diffissuros
906 1251 976 1298 esse
1000 1234 1172 1314 minentur,
1192 1231 1247 1296 alii
1267 1231 1306 1294 ab
1326 1235 1465 1315 eaparte

342 1347 441 1430 urbis,
473 1366 555 1432 qnae
586 1348 666 1412 mari
694 1347 817 1412 adiacet
845 1365 902 1431 per
925 1347 1119 1431 crepidinem
1141 1347 1177 1409 in
1199 1364 1329 1410 murum
1354 1362 1465 1408 escen·

343 1461 439 1526 dunt:
472 1456 557 1525 ίιλλοι
588 1457 619 1524 δὲ
650 1453 673 1523 οἳ
695 1455 802 1538 ἔτυχον
825 1455 902 1523 ἔνδον
926 1456 1005 1532 ὄντες
1028 1463 1084 1522 τῶν
1108 1461 1308 1539 στρατιωτῶν.
1324 1505 1331 1520 .
1345 1505 1375 1521 ..
1401 1456 1466 1521 δια-

341 1570 497 1644 κόπτοντες
522 1576 591 1642 ταῖς
613 1567 727 1646 ativae
750 1570 791 1635 τοὶ
813 1572 930 1652 κλεῖίρα
952 1569 1190 1636 ἀναπεταννύασι
1209 1570 1265 1644 τὰς
1284 1569 1393 1642 πύλας.
1414 1570 1467 1634 Ex

343 1688 382 1752 iis
416 1705 498 1770 quoe
524 1684 721 1770 praecedunt
744 1682 1297 1770 11111111111οὲνδον1111111111111111
1320 1703 1390 1749 esse
1413 1681 1464 1747 ἔτι.

386 1800 412 1882 I,
432 1801 483 1863 27.
506 1798 625 1864 Milites
650 1799 827 1864 obtestatur
849 1798 1041 1884 Xenophon,
1064 1818 1105 1864 ne
1131 1798 1243 1863 urbem
1271 1797 1466 1879 Byzantium

343 1913 509 1998 diripiant:
541 1912 574 1978 id
607 1913 693 1977 enim
724 1915 752 1977 si
781 1913 923 1996 fecerint,
946 1914 1053 1978 hostes
1075 1914 1116 1978 iis
1138 1913 1206 1978 fore
1231 1911 1413 1997 Spartanos,
1436 1916 1469 1975 et

344 2048 442 2111 quam
466 2027 630 2092 metuendi
652 2027 701 2090 illi
723 2028 830 2092 hostes
853 2029 918 2091 sint
937 2028 1029 2092 docet
1048 2026 1194 2111 exemplo
1215 2026 1290 2092 belli
1310 2025 1469 2108 Pelopon-

344 2143 481 2207 nesiaci:
507 2139 594 2218 ἡμεῖς
617 2139 674 2220 γαρ
698 2140 723 2205 οἱ
746 2141 895 2214 Ἀθηναῖοι
918 2137 1042 2218 ἤλίομεν
1062 2140 1101 2212 είς
1122 2139 1170 2204 τὸν
1191 2139 1320 2216 πόλεμον
1339 2138 1388 2202 τὸν
1400 2136 1469 2218 πρὸς

343 2253 593 2331 Λακεδαιμονίους
625 2250 678 2318 καὶ
702 2253 768 2327 τοὺς
790 2252 976 2332 συμμάχους
1000 2251 1120 2333 ἔχοντες
1143 2252 1258 2334 τριήρεις
1280 2251 1337 2324 τοὶς
1361 2249 1416 2330 μὲν
1438 2251 1469 2314 ἐν

347 2367 482 2448 ίαλοίσσρ
514 2366 570 2441 τας
600 2367 631 2430 δὲ
662 2367 691 2431 ἕν
718 2374 779 2440 τοῖς
801 2367 916 2448 νεωρίοις
939 2369 990 2432 οὐκ
1012 2366 1154 2440 ε’λοίττονς
1177 2366 1350 2447 τριακοσίων,
1376 2365 1469 2447 ὑπαρ-

344 2478 457 2560 χόντων
488 2480 519 2544 δὲ
550 2482 666 2543 πολλῶν
696 2478 861 2561 χρνμοίτων
890 2482 920 2546 ἐν
942 2479 1034 2553 πόλει,
1058 2478 1110 2544 καί
1134 2479 1267 2561 προςοδον
1289 2477 1376 2552 οὔσης
1400 2479 1469 2542 κατ’

344 2593 489 2659 ἐνιαυτὸν.
507 2641 513 2656 .
528 2641 557 2657 ..
602 2595 633 2658 οὐ
676 2601 757 2671 μεῖον
793 2593 896 2673 χιλίων
931 2594 1095 2659 ταλοίντων.
1130 2595 1240 2658 Totam
1277 2595 1469 2659 sententiam

346 2709 508 2792 descripsi,
544 2726 608 2791 quo
642 2709 744 2792 magis
778 2714 862 2773 esset
891 2710 1108 2792 perspicuum,
1137 2713 1204 2772 tum
1237 2707 1368 2771 demum
1399 2725 1468 2770 eam

345 2824 535 2887 concinnam
566 2827 597 2886 et
627 2821 804 2906 elegantem
833 2821 909 2904 fore,
934 2823 961 2886 si
992 2827 1063 2906 post
1086 2818 1205 2900 ἔχοντες
1228 2822 1387 2884 insertum
1412 2821 1471 2884 erit

347 2934 410 3013 μέν.
452 2936 520 2999 Ant
562 2954 701 3018 sequens
742 2933 797 3012 μέν
839 2936 1042 3020 praecedenti
1076 2937 1175 3000 exitio
1208 2935 1280 3016 fuit,
1314 2941 1371 2998 aut
1405 2953 1469 2997 non

347 3049 576 3114 intellexerunt
611 3048 741 3131 librarii,
775 3052 859 3114 inter
889 3069 923 3114 se
953 3051 1070 3134 opponi
1100 3046 1219 3127 ἔχοντες
1243 3047 1298 3126 μέν
1322 3053 1353 3112 et
1378 3047 1469 3127 ὑπαρ-

347 3159 460 3241 χίντων
484 3161 522 3225 δέ.

393 3276 419 3357 I,
452 3277 502 3339 28.
533 3276 709 3360 Postquam
742 3296 817 3361 ergo
847 3279 989 3342 narravit
1019 3278 1241 3359 Athenienses,
1274 3295 1472 3361 quemquam

350 3389 494 3452 omnium
519 3409 626 3454 rerum
651 3390 848 3456 abundantia
868 3391 1043 3475 affluerent,
1064 3398 1170 3456 temen
1190 3413 1208 3456 1
1227 3392 1393 3477 Spartanis
1403 3411 1474 3456 esse

350 3502 501 3583 devictos,
538 3503 626 3567 addit
657 3504 751 3569 haee:
786 3507 836 3568 νῦν
866 3504 897 3567 δὲ
927 3503 962 3577 δὴ
986 3504 1017 3568 σί
1037 3502 1072 3568 ἂν
1095 3503 1211 3582 οἰόμεθα
1235 3505 1348 3576 παθεῖν,
1373 3517 1474 3568 Λακε-

351 3613 506 3691 δαιμονίοις
530 3615 584 3692 μὲν
607 3613 658 3679 καί
679 3619 735 3679 τῶν
754 3616 885 3695 αρχαίων
905 3617 1080 3696 σνμμοίχων
1101 3615 1300 3697 ὑπαρχόντων,
1313 3615 1475 3690 Ἀθηναίων

351 3726 382 3791 δὲ
412 3726 463 3792 καί
493 3726 517 3792 οἳ
540 3728 652 3802 ἐκείνοις
675 3729 742 3793 τότε
764 3723 838 3803 ἦσαν
862 3729 1025 3809 σύμμαχοι
1049 3727 1166 3794 ποίντων
1191 3728 1472 3810 προσγεγενημένων.

353 3842 457 3906 Simili
479 3844 557 3906 vitio
581 3844 658 3908 haec
682 3863 811 3928 quoque
831 3846 988 3908 sententia
1009 3844 1146 3908 laborat:
1168 3851 1376 3928 opponuntur
1387 3846 1474 3909 enim

354 3956 437 4020 inter
470 3975 504 4022 se
528 3959 653 4041 antiqui
677 3964 708 4021 et
731 3958 808 4020 novi
830 3956 1060 4041 Spartanorum
1085 3959 1179 4038 socii;
1202 3958 1374 4041 legendnm
1400 3977 1474 4042 ergo

354 4069 456 4133 deleto
486 4066 554 4134 aui:
586 4069 827 4148 Λακεδαιμονίοις
857 4073 913 4134 τῶν
943 4070 998 4148 μὲν
1029 4070 1161 4151 οίρχαίων
1184 4069 1359 4150 σνμμοίχων
1384 4071 1475 4152 ὑπαρ-

354 4181 476 4261 χόντων,
500 4184 659 4258 Ἀθηναίων
683 4184 714 4250 δὲ
727 4233 734 4248 .
749 4232 757 4248 .
770 4233 801 4249 ..
826 4183 1106 4267 προςνερεννμένων.
1132 4186 1210 4252 Post
1233 4187 1477 4264 Λακεδαιμονίοις

355 4299 509 4382 particula
542 4297 597 4377 μὲν
632 4321 712 4390 opus
747 4321 812 4365 non
846 4308 910 4366 est:
942 4320 1008 4366 non
1040 4301 1130 4366 enim
1161 4301 1323 4384 sequitur:
1348 4299 1418 4378 ipio
1444 4299 1476 4364 δὲ
