3330 5262
835 579 899 644 368

304 787 367 852 que
400 767 534 834 adversa
567 766 697 832 fortuna
730 767 834 850 gavisi
868 769 976 830 essent
1005 763 1076 848 (iv,
1105 763 1430 849 4,17.1V,5‚1s).

306 879 392 956 Quid
427 885 535 946 autem
570 899 628 964 pro
661 876 797 943 ἐνέκειντο
832 879 875 944 sit
904 876 1079 962 legendum
1112 897 1180 942 non
1210 879 1349 960 invenio,
1375 877 1432 942 sed

304 992 467 1079 probabile
500 999 549 1058 est
581 991 832 1078 Xenophontem
867 993 1034 1077 scripsisse
1065 991 1198 1076 aliquid,
1231 991 1317 1075 qnod
1349 991 1433 1055 hano

305 1109 496 1172 sententiam
528 1106 709 1191 praeberet:
746 1106 832 1191 ,qui
864 1105 964 1170 dubia
984 1104 1047 1170 fide
1069 1103 1235 1170 fuerant'’:
1260 1105 1320 1168 hoo
1342 1106 1429 1168 enim

306 1220 411 1284 solum
443 1221 612 1304 respondet
643 1218 870 1304 sequentibus:
902 1216 955 1284 καὶ
985 1223 1042 1290 τοῖς
1065 1216 1215 1295 πολεμίοις
1238 1215 1432 1298 εὐμενέστεροι

306 1325 382 1405 ἦσαν
404 1329 420 1406 ἢ
446 1339 482 1413 τῇ
507 1331 717 1410 Λακεδαίμονι.

350 1445 391 1510 ib.
421 1429 592 1512 Postdlant
621 1467 640 1512 a
669 1445 944 1512 Mantineensibns
970 1445 1128 1530 Spartani,
1160 1449 1197 1510 ut
1222 1446 1347 1510 moenia
1371 1464 1432 1509 sna

307 1559 444 1643 diruant,
474 1557 609 1637 λέγοντες
640 1556 684 1624 ὅτι
713 1559 762 1624 οὖν
794 1557 830 1624 ἂν
858 1555 1042 1623 πιστεύσειαν
1064 1555 1163 1630 ἄλλως
1187 1558 1289 1630 αὐτοῖς
1312 1555 1356 1634 μη
1379 1553 1431 1630 ξὺν

305 1677 367 1742 τοῖς
399 1669 548 1749 πολεμίοις
576 1669 719 1750 γενέσθαι.
743 1673 935 1737 Admodum
960 1677 1106 1757 suspecta
1131 1672 1212 1735 mihi
1234 1676 1312 1736 sont
1334 1670 1432 1735 verba

307 1784 351 1860 μη
382 1779 434 1858 ξὺν
456 1790 518 1856 τοῖς
542 1783 691 1862 πολεμίοις
714 1783 857 1863 γενέσθαι,
882 1805 957 1850 nam
984 1804 1092 1869 neque
1114 1783 1265 1850 credibile
1290 1789 1338 1849 est
1359 1803 1431 1869 par·

307 1898 439 1961 tioulam
472 1893 508 1960 ἄν
540 1897 640 1963 simul
670 1899 709 1963 ad
732 1895 916 1962 πιστεύσειαν
938 1903 970 1964 et
992 1899 1032 1963 ad
1056 1896 1190 1977 γενέσθαι
1212 1899 1379 1982 pertinere,
1402 1902 1435 1961 et

308 2011 357 2074 vis
389 2010 610 2097 acerbitasque
638 2011 788 2077 Laconioi
822 2013 898 2077 dieti
928 2009 970 2077 ὅτι
994 2013 1044 2077 οὐκ
1066 2009 1103 2076 tv
1125 2009 1310 2075 πιστεύσειαν
1332 2008 1433 2084 ἄλλως

307 2123 410 2196 αὐτοῖς
444 2145 638 2210 magnopere
668 2126 732 2191 illis
768 2125 934 2191 vocabulis
965 2127 1081 2191 additis
1102 2125 1289 2210 infringitur
1313 2127 1434 2190 minui·

308 2241 434 2322 torque.

351 2350 394 2436 11,
430 2353 457 2416 i.
493 2351 591 2437 Capta
620 2353 782 2419 Mantinea
817 2353 897 2419 orbs
928 2358 959 2419 et
981 2355 1016 2417 in
1040 2358 1180 2438 quatuor
1200 2357 1307 2438 partes
1330 2353 1434 2417 divisa

308 2462 441 2543 ἔτεμτον
471 2466 569 2538 αὐτοῖς
600 2462 624 2530 οἱ
654 2464 878 2544 Λακεδαιμόνιοι
904 2467 936 2532 οὐ
960 2467 1026 2531 καθ’
1049 2464 1100 2531 ἕνα
1122 2464 1207 2530 illd
1228 2464 1309 2532 κατὰ
1330 2465 1433 2544 κώμην

308 2576 434 2652 ἑκάστην
458 2575 592 2657 ξεναγόν.
615 2579 722 2664 Reate,
747 2585 782 2645 ut
806 2581 928 2665 opinor,
952 2581 1028 2645 olim
1053 2600 1110 2664 pro
1134 2580 1165 2644 οὐ
1189 2580 1254 2644 καθ’
1278 2577 1328 2644 ἕνα
1351 2579 1431 2644 Ροι-

309 2699 362 2758 tus
384 2695 560 2780 legendum
584 2696 720 2760 oonieoit
740 2693 806 2774 οὐχ’
827 2692 886 2758 ἕνα.
906 2693 989 2759 Nam
1013 2694 1100 2780 qood
1120 2695 1258 2759 afferunt
1276 2695 1435 2779 nonnulli,

308 2807 344 2871 in
366 2810 599 2892 praepositione
621 2807 702 2872 κατοί
724 2810 855 2874 iteratae
879 2809 1012 2873 aetionis
1032 2809 1137 2874 inesse
1156 2807 1434 2892 significationem,

308 2938 346 2985 ea
376 2921 441 2984 iam
474 2922 551 2986 satis
574 2921 760 3006 imperfecto
784 2917 916 2998 ἔπεμπον
939 2921 1093 3007 proditur.
1117 2920 1169 2985 Ex
1192 2920 1250 3000 οὐχ
1272 2917 1323 2984 ἕνα
1348 2919 1433 2985 αλλὰ

308 3031 389 3096 κατὰ
411 3032 513 3111 κώμην
536 3031 663 3107 ἕκοὶστην
690 3039 804 3098 natum
829 3053 898 3100 esse
920 3035 963 3118 id,
987 3034 1073 3119 quod
1098 3053 1185 3099 nuno
1206 3034 1332 3119 legitur,
1354 3036 1431 3100 satis

308 3147 472 3233 probabile
495 3154 551 3214 est.

353 3260 395 3344 II,
427 3263 478 3326 25.
513 3260 728 3342 στασιαζόντων
759 3262 789 3327 δὲ
820 3265 875 3326 τῶν
906 3261 1055 3340 Θηβαίαν,
1088 3266 1347 3345 πολεμαρχοῦντες
1378 3263 1433 3342 μὲν

308 3371 475 3454 ἐτύγχανον
506 3375 658 3454 Ἰσμηνίας
681 3399 714 3441 τε
737 3374 788 3441 καὶ
814 3373 1003 3450 Λεοντιάδης,
1028 3374 1158 3458 διαφόρω
1183 3376 1209 3441 δ’
1232 3374 1311 3450 ὄντες
1332 3377 1429 3452 ἄλλη-

309 3501 369 3560 λοις
392 3485 445 3553 καὶ
469 3487 603 3569 οὶρχηγὸς
628 3486 761 3571 ἓκοὶσερος
784 3493 840 3554 τῶν
863 3489 996 3571 ἑταιριῶν.
1023 3488 1109 3567 Quid
1131 3511 1188 3575 pro
1211 3489 1345 3572 οὶρχηνὸς
1364 3489 1433 3555 ἐκαὶ-

309 3623 387 3682 τερος
411 3603 466 3664 τῶν
490 3601 615 3683 ἑταιριῶν
638 3604 810 3689 legendum
836 3606 878 3668 sit
901 3605 1007 3685 nesi03
1033 3605 1170 3669 minime
1193 3609 1301 3670 tamffll
1322 3604 1432 3670 dubito

311 3717 390 3799 quin
410 3721 560 3801 corrupta
579 3737 616 3782 ea
638 3718 734 3783 verba
754 3720 835 3783 sint:
857 3738 921 3782 non
942 3719 1030 3783 enim
1049 3719 1095 3783 ita
1107 3719 1225 3784 Graece
1237 3719 1300 3783 dici
1311 3725 1432 3805 potest:

313 3847 390 3894 suae
415 3834 549 3915 uterque
570 3831 718 3898 laedonis
742 3834 890 3918 princeps
914 3837 988 3897 orat.

354 3941 398 4027 II,
421 3944 472 4008 27.
497 3943 685 4011 Leontiades
707 3945 890 4011 Phoebidas
915 3951 950 4010 ut
968 3965 1073 4011 arcem
1094 3946 1317 4011 Thebanorum
1338 3967 1434 4011 ooou·

311 4060 364 4139 pet
387 4061 419 4121 et
441 4057 512 4122 aliis
535 4063 567 4123 et
589 4060 649 4124 hoo
672 4064 863 4145 argumento
886 4060 1071 4144 persuadet:
1099 4079 1215 4142 ,nuno
1237 4061 1327 4126 rides
1350 4060 1435 4126 edio·

311 4173 384 4233 tum
415 4189 493 4254 esse,
524 4190 564 4236 ne
594 4174 668 4257 quis
698 4172 924 4239 Thebanorum
955 4175 1112 4258 particeps
1134 4174 1190 4241 fiat
1213 4175 1434 4261 expeditionis,

312 4301 410 4366 qoam
443 4284 476 4347 in
509 4281 679 4366 Olynthios
703 4286 852 4372 Spartani
875 4288 1065 4372 suscipiunt.
1088 4285 1139 4351 ἐὰν
1162 4285 1193 4352 δέ
1216 4311 1253 4366 γε
1275 4286 1312 4352 σὺ
1334 4289 1434 4352 ταῦτα
