3352 5260
328 799 523 884 prematur’',
550 801 586 862 in
617 799 735 882 quibus
767 801 871 864 omnis
901 800 1061 884 emphasis
1089 799 1245 864 vocabulo
1272 798 1456 881 „fortasse”

328 913 499 978 tribuenda
532 917 596 978 est:
631 913 686 976 illo
723 913 805 978 enim
842 912 986 978 Socrates
1020 913 1152 996 indicat,
1184 931 1218 978 se
1249 914 1306 976 diu
1335 913 1457 977 frustra

331 1027 537 1108 quaesivisse,
575 1044 633 1089 cur
667 1025 862 1109 agu'cultura
897 1026 977 1090 alios
1011 1025 1189 1109 opidentoS,
1223 1026 1303 1089 alios
1337 1044 1457 1110 egenos

329 1138 484 1220 redderet,
508 1143 540 1203 et
563 1157 652 1202 nunc
674 1138 803 1203 demum
829 1137 891 1201 sibi
914 1138 1003 1201 illam
1027 1139 1241 1203 coniecturam
1260 1140 1295 1202 in
1317 1143 1457 1203 mentem

329 1253 466 1334 venisse,
495 1252 706 1336 agricolarum
736 1253 876 1335 inopiam
903 1270 945 1316 ex
967 1253 1044 1316 artis
1067 1253 1227 1336 imperitia
1251 1254 1349 1316 nasci
1374 1251 1455 1317 Tum

330 1367 375 1429 ita
405 1365 444 1429 do
475 1366 689 1450 agriculturae
718 1371 785 1430 arte
808 1367 938 1430 disserit
960 1365 1197 1448 Ischomachus,
1219 1371 1256 1430 ut
1279 1366 1363 1430 dicat
1386 1385 1458 1430 cam

331 1483 395 1542 tam
418 1477 542 1542 facilem
566 1483 631 1542 tam
654 1498 768 1562 parurn
788 1479 985 1542 reconditam
1005 1497 1083 1561 esse,
1101 1483 1139 1543 ut
1158 1497 1261 1562 nemo,
1281 1480 1338 1563 qui
1358 1478 1458 1543 semel

332 1591 502 1674 agricolam
537 1611 618 1674 opus
645 1611 741 1654 suum
764 1590 933 1655 facientem
956 1591 1081 1673 viderit,
1104 1591 1156 1655 vel
1179 1610 1288 1656 secum
1311 1596 1458 1656 accurate

332 1703 371 1768 de
395 1722 431 1768 ea
454 1703 685 1786 deliberaverit,
712 1704 809 1768 ullius
833 1705 933 1788 partis
955 1705 1057 1788 possit
1079 1723 1150 1769 esse
1168 1705 1310 1788 ignarus.
1331 1704 1402 1781 Qua
1422 1724 1457 1770 re

332 1817 440 1881 audita
470 1816 681 1881 mirabundus
708 1822 799 1902 rogat
821 1817 966 1882 Socrates
990 1816 1078 1900 (XX,
1104 1819 1150 1898 l):
1178 1817 1239 1899 „Si
1262 1837 1337 1902 ergo
1362 1837 1456 1882 nemo

333 1932 492 2014 quomodo
516 1950 592 2015 ager
614 1931 767 1995 colendus
791 1931 832 1995 sit
851 1931 986 2015 ignorat,
1005 1933 1062 2015 qui
1081 1931 1219 2013 tandem,
1240 1951 1368 2015 quaeso,
1385 1932 1456 1997 fieri

332 2049 444 2127 potest,
476 2048 513 2108 ut
543 2043 598 2107 alii
628 2043 785 2126 agricolae
816 2043 967 2108 omnibus
996 2043 1093 2108 rebus
1124 2044 1299 2126 abundent,
1329 2044 1384 2107 alii
1414 2045 1455 2109 iis

333 2159 427 2222 ctiam
458 2161 594 2235 careant,
625 2175 708 2240 quae
738 2155 778 2220 ad
808 2157 930 2220 victum
955 2156 1180 2239 quotidianum
1202 2156 1456 2240 requirantur?”

331 2271 411 2335 Tum
435 2270 663 2335 Ischomachus
683 2269 782 2351 docet,
805 2288 871 2332 non
895 2287 912 2333 e
932 2270 1046 2353 peritia
1065 2269 1122 2334 sed
1141 2288 1183 2334 ex
1201 2267 1356 2351 ἐπιμελείᾳ
1376 2271 1457 2334 divi-

333 2384 392 2448 tias
411 2384 509 2465 nasci,
524 2402 590 2445 non
601 2383 792 2465 imperitiam
804 2381 860 2446 sed
872 2378 1016 2458 aarum
1027 2382 1222 2466 paupertatis
1234 2401 1364 2446 causam
1377 2401 1456 2448 esse.

377 2495 488 2560 Unum
512 2495 752 2579 compositionis
773 2494 888 2557 vitium
908 2494 943 2556 in
956 2492 1167 2558 Oeconomico
1180 2499 1236 2576 est,
1250 2496 1337 2577 quod
1348 2513 1455 2578 noque

333 2608 502 2674 defendere
535 2627 640 2692 neque
664 2607 825 2672 occultare
848 2607 995 2671 conabor.
1017 2607 1103 2672 lllud
1126 2613 1321 2673 tamennon
1346 2608 1457 2673 Xeno·

333 2724 444 2806 phonti
467 2741 580 2787 verum
599 2723 751 2805 temporis
768 2722 934 2804 iniquitati
953 2722 1177 2804 imputandum
1197 2721 1334 2786 videtur.
1348 2721 1457 2806 Capite

332 2834 388 2912 VI,
420 2836 439 2897 6
472 2855 518 2919 sq.
548 2832 810 2914 οὶνοοκεφοιλοοίωοος
842 2834 998 2917 quaedam
1029 2836 1086 2896 τῶν
1109 2831 1342 2912 ὡμολογημένων
1364 2836 1456 2900 insti·

333 2949 443 3013 tuitur.
467 2947 517 3011 Ibi
538 2948 571 3011 id
595 2966 724 3031 quoque
746 2949 830 3011 inter
852 2945 1052 3011 Critobulum
1073 2952 1105 3011 et
1124 2946 1285 3012 Socratem
1304 2949 1368 3011 iam
1381 2968 1456 3013 oon·

334 3065 461 3127 venisse
479 3067 638 3144 narratur,
659 3081 723 3145 quo
743 3062 861 3125 indicio
882 3062 1093 3126 demonstrari
1106 3062 1215 3145 possit,
1227 3062 1454 3146 agriculturam

333 3175 537 3239 utilissimam
568 3193 638 3238 esse
661 3174 701 3237 ad
722 3175 878 3238 virtutem
900 3173 1047 3238 bellicam
1070 3173 1282 3257 excitandam,
1307 3174 1362 3238 sed
1385 3175 1457 3239 nul·

332 3287 401 3352 lum
443 3307 586 3371 unquam
620 3288 782 3351 hominem
820 3287 940 3352 bonum
975 3287 1044 3351 fore
1079 3287 1220 3369 militem,
1255 3288 1311 3370 qui
1346 3285 1456 3365 τέχνην

333 3399 518 3477 βονοουοικήν
552 3405 717 3465 exerceat:
754 3401 782 3464 si
812 3401 887 3484 quis
916 3401 1002 3464 enim
1028 3401 1081 3463 hic
1103 3400 1268 3464 considere
1291 3400 1457 3484 agricolas,

333 3515 399 3578 illic
431 3513 498 3586 τοὺς
528 3512 671 3592 τεχνίταις
703 3512 837 3596 iuberet,
868 3519 899 3578 et
922 3518 1078 3596 utrosque
1100 3515 1311 3597 interrogaret
1333 3519 1458 3578 essetne

334 3645 410 3710 ager
443 3626 661 3691 defendendus
692 3646 733 3689 an
764 3627 849 3689 intra
879 3626 1006 3690 moenia
1035 3625 1218 3709 quaerenda
1248 3625 1345 3707 salus,
1374 3625 1457 3689 illud

332 3738 495 3822 agricolas,
520 3739 579 3802 hoc
601 3735 743 3817 τεχνίτας
766 3737 962 3821 praelaturos
988 3757 1066 3802 esse.
1090 3737 1183 3802 illius
1207 3742 1312 3802 autem
1332 3739 1459 3822 indicii,

335 3851 421 3936 quod
435 3856 532 3916 natea
543 3852 796 3916 demonstratum
810 3870 881 3916 esse
892 3851 1099 3936 significatur,
1113 3852 1143 3933 (6
1156 3847 1286 3932 ἔφαμεν,
1301 3852 1318 3912 7
1332 3848 1456 3932 ᾠόμεθα)

334 3968 368 4030 in
386 3965 648 4051 praecedentibus
668 3985 709 4030 ne
728 3967 899 4050 vestigium
921 3966 1050 4049 quidem
1071 3970 1236 4049 superest,
1258 3984 1364 4049 neque
1383 3966 1458 4030 licet

333 4076 439 4159 φομέν
463 4084 494 4144 et
517 4075 634 4155 οἰόμενοι
657 4077 804 4160 scribere,
828 4098 905 4142 nam
929 4080 1036 4142 statim
1057 4079 1205 4161 sequitur
1222 4074 1456 4155 ἐδοκιμάσαμεν,

334 4190 422 4254 ἐδόκει
446 4193 612 4275 multaque
635 4192 705 4273 aha,
728 4210 811 4275 quae
835 4193 914 4275 quin
939 4191 980 4256 ad
1004 4191 1253 4276 disputationem
1278 4197 1350 4256 ante
1369 4191 1458 4256 habi·

333 4311 399 4369 tam
421 4308 610 4392 pertineant,
633 4324 697 4369 non
721 4310 770 4369 est
793 4303 938 4368 dubium
