3330 5262
734 589 800 650 319

201 791 284 854 quae
306 771 486 855 significare
504 772 642 836 sciolum
660 772 792 836 volsisse
811 775 980 856 eontendo,
993 775 1076 840 beno
1089 777 1211 842 Graeoe
1224 779 1332 844 dioere

150 951 152 954 .
200 903 266 946 nou
297 886 410 968 potuit
438 882 504 959 Qui
531 886 619 948 enim
649 887 797 968 pervim
819 887 1015 970 eaedemque
1038 891 1074 952 in
1097 890 1203 954 aliena
1225 893 1331 975 irruit,

200 1015 266 1060 uun
299 1002 404 1079 potest
435 997 500 1060 diei
533 995 757 1075 παρειληφέναι.
791 997 891 1062 lllum
924 999 1188 1078 περιλαμβάνειν,
1220 1007 1279 1087 qui
1312 1025 1331 1068 a

197 1109 370 1173 volentibus
399 1112 515 1192 aecipit
543 1129 622 1190 rem,
653 1130 751 1192 quam
781 1117 838 1174 aut
861 1117 1027 1195 tamquam
1050 1113 1203 1180 dominus
1227 1119 1331 1200 possi-

200 1223 281 1304 deat,
314 1229 371 1286 aut
403 1242 462 1306 pro
491 1223 555 1286 alio
585 1223 796 1304 administret,
819 1224 854 1286 hi
876 1243 895 1288 e
917 1226 1038 1288 ricinia
1061 1227 1124 1290 loci
1147 1228 1327 1293 dederant:

198 1335 219 1416 ξ
254 1337 314 1397 13;
348 1331 386 1405 ἅς
416 1359 450 1397 τε
479 1333 636 1413 παρέλαβε
665 1333 765 1406 πόλεις
789 1333 987 1413 διεφύλαττεν
1010 1339 1102 1417 αὐτῷ,
1127 1345 1160 1403 et
1185 1341 1245 1402 16:
1268 1339 1326 1411 τιὶς

197 1447 422 1519 ἕτιθιιλιιττθιυτ
442 1448 542 1518 πόλεις
564 1446 688 1519 ἑκούσας
710 1446 878 1527 παρέλαβε.

243 1559 348 1644 Caput
379 1560 422 1641 II,
455 1563 485 1622 2.
518 1559 630 1636 Quum
659 1563 695 1623 in
726 1560 882 1642 Bithynia
912 1569 997 1626 esset
1026 1563 1216 1645 Dercylidas
1238 1567 1329 1630 illam

199 1674 362 1757 regionem
393 1673 508 1756 agebat
534 1673 721 1757 ferebatque
743 1679 776 1737 et
798 1682 979 1738 eommeatu
1003 1676 1197 1760 abundabat,
1220 1698 1328 1763 noque

198 1788 228 1849 ei
260 1787 364 1868 primo
394 1792 537 1869 tempore
566 1787 745 1870 quidquam
778 1788 907 1852 adversi
937 1789 1060 1852 accidit
1084 1789 1196 1865 Quum
1218 1797 1327 1856 tamen

199 1900 278 1962 sooii
307 1918 328 1961 a
352 1897 480 1980 Seutim,
502 1897 712 1981 Odrysarum,
735 1902 794 1982 qui
817 1919 835 1962 e
857 1902 988 1982 regione
1010 1901 1184 1982 Bithyniae
1205 1903 1328 1968 habita-
1453 1887 1458 1893 ¹

197 2010 284 2094 bant,
306 2031 382 2096 rego
404 2014 497 2076 missi
518 2011 559 2074 ad
580 2031 657 2076 eum
680 2015 856 2093 venissent,
875 2014 923 2076 illi
942 2016 1056 2078 castris
1075 2016 1163 2079 haud
1182 2017 1325 2099 procula

197 2123 361 2208 Spartanis
383 2126 496 2208 positis
518 2124 666 2195 αἰτοῦντες
687 2123 834 2202 φύλακας
857 2129 909 2187 τοῦ
928 2125 1126 2204 στρατοπέδου
1145 2127 1194 2190 τὸν
1216 2137 1326 2207 Δερκυ-

196 2236 286 2301 λίδιιν
308 2241 365 2300 τῶν
386 2236 512 2300 ὁπλιτῶν
535 2237 596 2299 ιιτὲ.
620 2235 783 2301 Haeeeine
804 2257 863 2320 pro
883 2237 1128 2321 Xenophonteis
1148 2242 1326 2305 venditari!

196 2349 271 2414 Nou
301 2350 421 2416 Graeoe
450 2351 542 2434 loqui
573 2351 634 2414 hoe
656 2355 706 2414 est
728 2351 785 2414 sed
806 2351 940 2414 infantis
961 2353 1056 2415 modo
1078 2352 1247 2418 balbutire
1271 2356 1326 2418 An
1435 2349 1442 2363 '

197 2483 386 2528 censeamus
416 2464 664 2547 Xenophontem
686 2463 803 2544 verbis,
827 2483 910 2546 quae
934 2466 1041 2545 citari,
1063 2464 1205 2544 πσρῳδεῐν
1228 2465 1327 2531 Grae-

196 2597 272 2641 enm
302 2596 494 2658 sermonem,
515 2597 581 2660 quo
604 2575 750 2657 Odrysae
772 2578 828 2640 isti
849 2578 902 2640 usi
924 2578 1026 2640 sunt?
1048 2577 1164 2662 Neque
1186 2597 1224 2642 ea
1246 2579 1323 2643 huie

195 2690 266 2754 loeo
288 2692 471 2754 coniectura
493 2693 652 2771 eonvenit,
672 2690 729 2754 sed
747 2689 847 2753 verba
863 2689 913 2752 τὸν
934 2689 1120 2769 Δερκυλίδαν
1131 2694 1189 2752 τῶν
1200 2691 1326 2754 ὁπλιτῶν

195 2805 299 2868 invito
321 2804 536 2887 Xenophonte
557 2803 667 2866 addita
688 2821 760 2866 esse
782 2802 948 2885 probabile
975 2808 1033 2866 est

238 2917 282 2998 H,
314 2919 344 2980 4„
379 2915 526 2997 Odrysae
558 2935 635 3000 ergo
668 2916 725 2997 itti,
756 2914 949 2979 custodibus
978 2917 1015 2977 in
1044 2917 1158 2980 castris
1191 2916 1322 2999 relictis,

193 3029 344 3113 praedam
355 3048 450 3113 agere
460 3031 644 3110 instituunt,
655 3034 823 3111 castraque
833 3026 972 3111 implent
982 3029 1116 3111 eaptiris
1128 3028 1320 3112 opibusque

196 3139 268 3217 Qua
296 3161 332 3206 ro
361 3143 490 3226 eognita
519 3141 663 3223 Bithyni,
687 3161 825 3224 parvum
857 3159 930 3204 esse
950 3141 1123 3204 custodum
1146 3161 1321 3206 numerum

194 3255 307 3337 edocti,
328 3254 515 3319 absentibus
539 3252 675 3334 Odrysis
696 3272 753 3338 per
772 3271 989 3335 campumque
1008 3253 1171 3336 dispersis,
1183 3251 1323 3318 Graecos

194 3370 400 3433 adoriuntur:
428 3369 477 3431 illi
499 3387 586 3450 vero,
606 3369 699 3451 gravi
721 3386 824 3449 quum
848 3371 957 3430 essent
978 3371 1142 3428 armatura
1163 3368 1323 3444 instructi,

192 3483 401 3567 peltastarum
422 3483 636 3566 equitumque
658 3481 815 3563 impetum
839 3480 1000 3542 sustinere
1021 3497 1088 3541 non
1107 3480 1322 3561 possuntsed

193 3597 229 3660 in
259 3598 373 3660 eastris
405 3595 525 3658 inolusi
553 3593 594 3657 ab
624 3592 772 3657 hostibus
804 3593 989 3656 tristissima
1012 3590 1102 3654 clade
1123 3591 1322 3654 oeciduntur.

192 3707 341 3780 ε’σὼθιισιιν
362 3705 461 3784 μέντοι
483 3707 580 3770 amau
602 3703 690 3785 ἀμφὶ
713 3703 781 3776 τσὺς
798 3702 1019 3766 πεντεκαίδεκα
1039 3700 1080 3773 εἰς
1092 3702 1126 3764 τὸ
1139 3699 1323 3774 Ἑλληνικόν·

192 3818 244 3883 καὶ
279 3813 364 3892 οὗτοι,
396 3818 462 3883 ἐπεὶ
496 3817 599 3890 εὐθέως
632 3818 750 3898 ᾔσθοντο
779 3817 813 3880 τὸ
845 3818 986 3896 πρᾶγμα,
1008 3813 1209 3893 ἐπεχώρησαν
1231 3815 1262 3877 ἐν
1283 3821 1321 3894 τῇ

192 3930 284 4012 μέγα
307 3931 494 4004 διαπεσόντες
515 3931 733 4010 ἀμελησάντων
751 3935 808 3993 τῶν
827 3931 957 3993 Βιθυνῶν.
981 3928 1055 3992 Non
1072 3934 1231 4011 narratur,
1241 3930 1321 4012 quid

190 4046 377 4130 quindecim
409 4047 458 4109 illi
491 4048 636 4110 hominos
668 4045 810 4119 fecerint
839 4049 1011 4127 postquam
1044 4043 1249 4125 pervenerint
1278 4041 1320 4104 ad

190 4179 276 4242 suos,
297 4160 354 4224 sed
377 4162 434 4243 qui
455 4160 576 4224 facturn
600 4162 651 4242 sit,
671 4166 708 4224 nt
728 4158 810 4223 satri
829 4156 965 4221 evadere
978 4159 1119 4238 possent
1129 4153 1319 4237 legendum

190 4291 265 4357 ergo
287 4270 340 4336 nat
362 4272 421 4353 γὰρ
443 4268 517 4336 οὗτοι
540 4293 600 4357 pro
624 4271 677 4336 νισι)
702 4267 783 4337 οὗτοι.
