3348 5262
730 575 809 638 -231

216 755 410 836 elaborasse,
443 761 479 821 ut
508 757 599 822 brevi
631 759 742 841 dicam,
764 758 988 844 Xenophontis
1012 759 1203 826 convivium
1226 765 1338 828 stimu-

215 870 301 934 lasse
333 868 500 934 Platonem
533 875 629 954 atque
662 872 821 955 incitasse,
856 878 892 937 ut
925 875 960 936 in
990 875 1100 939 eodem
1122 894 1238 958 genere
1261 896 1337 941 suas

216 983 415 1066 experiretur
447 983 540 1065 vires,
571 987 667 1068 atque
701 986 746 1048 ita
775 984 896 1049 factum
928 1005 1006 1070 esse,
1039 992 1075 1050 ut
1106 988 1169 1052 duo
1192 989 1240 1051 illi
1262 989 1336 1052 libri

214 1099 338 1178 praeter
370 1113 486 1158 nomen
517 1100 582 1159 tam
606 1096 707 1160 multa
729 1097 867 1162 habeant
890 1081 1088 1180 communia,
1113 1121 1187 1164 nam
1209 1103 1335 1185 paucis·

215 1209 304 1272 simis
317 1209 406 1273 locis
427 1209 594 1273 Platonem
618 1211 657 1276 de
679 1211 837 1275 industria
857 1215 1045 1277 sententiam
1066 1215 1206 1298 aliquam
1225 1215 1335 1280 Xeno-

213 1321 342 1405 phontis
366 1323 543 1387 correxisse
567 1328 598 1388 et
620 1324 727 1407 ipsum
749 1324 997 1409 Xenophontem
1020 1327 1135 1391 leniter
1157 1333 1188 1392 et
1211 1328 1334 1394 urbane

212 1438 447 1520 perstrinxisse.
481 1437 554 1501 Non
586 1440 663 1502 satis
694 1443 841 1503 accurate
873 1440 950 1502 mihi
980 1441 1025 1503 ita
1048 1439 1184 1504 describi
1206 1441 1335 1506 videtur

212 1552 302 1632 ratic,
325 1570 408 1634 quae
429 1553 513 1616 inter
537 1556 712 1635 utrumque
734 1552 939 1637 Symposium
959 1553 1146 1618 intercessit.
1159 1553 1249 1618 -Nam
1269 1556 1333 1638 pri·

210 1685 301 1729 mum
331 1666 461 1729 minime
491 1666 664 1730 verisimile
695 1670 743 1731 est
773 1665 908 1749 Platoni,
933 1687 1058 1734 summo
1081 1668 1128 1730 illi
1152 1667 1274 1752 artifici,
1296 1673 1333 1732 ut

211 1798 328 1842 novam
359 1779 518 1844 scribendi
540 1777 675 1843 formam
699 1798 884 1863 novumque
907 1778 980 1842 libri
1003 1798 1106 1863 genus
1130 1782 1331 1865 excogitaret,

212 1893 405 1976 cuiusquam
436 1893 582 1976 exemplo
614 1912 695 1976 opus
717 1892 825 1957 fuisse.
849 1891 923 1955 Non
948 1893 1096 1976 equidem
1121 1911 1202 1977 nego
1225 1893 1331 1958 Plato-

211 2024 285 2070 nem
309 2005 381 2070 ideo
404 2005 575 2069 consilium
599 2007 720 2090 cepisse
746 2004 984 2087 „convivium”
1009 2005 1139 2089 aliquod
1162 2006 1330 2090 scribendi,

211 2139 312 2202 quum
345 2124 376 2184 et
409 2119 657 2204 Xenophontem
687 2119 805 2185 librum
836 2138 872 2183 eo
894 2120 1033 2183 nomine
1047 2139 1148 2204 eaque
1171 2119 1273 2184 forma
1295 2121 1329 2183 in

209 2232 315 2297 lucem
343 2233 481 2298 edidisse
504 2234 724 2317 cognovisset3
748 2233 802 2297 sed
826 2233 886 2296 1100
909 2233 999 2315 addo,
1022 2251 1095 2296 eum
1118 2233 1174 2296 illo
1197 2233 1329 2298 consih0

211 2349 302 2429 capto
338 2346 397 2409 hoc
431 2345 494 2410 sibi
529 2350 602 2410 0010
636 2345 742 2408 010010
775 2346 986 2428 proposuisse,
1020 2349 1057 2410 ut
1092 2345 1329 2424 demonstraret,

211 2463 330 2542 quanto
365 2460 433 2542 ipse
466 2458 650 2543 exemplum
687 2477 783 2522 suum
814 2462 986 2542 superaret,
1016 2459 1067 2522 vel
1097 2459 1326 2543 potiusquam

208 2572 343 2636 ridicule
366 2576 397 2636 et
418 2572 583 2657 pueriliter
607 2571 789 2655 Xenophon
813 2591 871 2635 suo
895 2573 964 2655 ipse
986 2573 1117 2637 invento
1137 2593 1216 2638 usus
1237 2579 1329 2638 esset.

207 2685 282 2750 Non
311 2687 450 2750 amicum
483 2687 642 2770 quendam
672 2687 816 2750 imitatur
846 2684 945 2763 Plato,
969 2687 1025 2750 sed
1048 2706 1123 2750 cum
1147 2687 1328 2751 adversario

208 2800 364 2884 proelium
388 2801 470 2884 gerit
491 2819 563 2863 acre
586 2804 617 2863 01
639 2799 798 2881 acerbum,
822 2817 960 2882 eumque
980 2799 1129 2863 omnibus
1149 2800 1327 2864 rationibus

207 2931 339 2996 prorsus
363 2913 530 2977 devincere
551 2917 582 2977 et
600 2917 780 2997 pervertere
793 2912 908 2994 studet,
920 2913 1153 2996 hominumque
1165 2918 1326 2997 contemp-

206 3027 287 3089 tioni
317 3030 348 3090 01
371 3025 523 3089 derisioni
545 3026 676 3089 tradere.
701 3024 785 3102 Quid
809 3024 974 3088 Platonem
997 3023 1169 3108 impulerit,
1193 3031 1229 3089 ut
1252 3046 1328 3109 prae

206 3139 318 3202 ceteris
350 3137 597 3222 Xenophontem
628 3139 767 3222 eligeret,
793 3156 888 3222 quem
911 3142 977 3201 tam
999 3137 1155 3232 hostiliter
1178 3139 1328 3224 aggrede-

204 3257 301 3336 retur,
335 3273 432 3337 supra
467 3254 531 3317 iam
563 3252 757 3337 significavi:
791 3251 1017 3336 indignabatur
1047 3253 1132 3316 enim
1156 3251 1326 3336 Socratem,

205 3386 367 3430 summum
403 3367 495 3430 illum
529 3367 764 3451 philosophum,
801 3368 894 3430 cuius
929 3366 1088 3450 egregiam
1121 3366 1326 3450 divinamque

206 3481 394 3564 sapientiam
426 3485 550 3565 praeter
579 3482 685 3564 ipsum
710 3499 804 3545 nemo
827 3499 938 3563 capere
962 3484 992 3543 et
1016 3498 1176 3562 exponere
1199 3480 1327 3564 valeret,

206 3597 370 3676 tamquam
405 3593 444 3656 ab
479 3595 586 3676 inepto
617 3598 711 3676 poeta
741 3592 801 3657 sub
834 3593 978 3657 scurrilis
1001 3592 1167 3676 nugatorie
1189 3611 1326 3676 persona

205 3710 237 3771 iu
262 3709 456 3772 rusticorum
480 3708 684 3791 militumque
704 3726 832 3771 scenam
853 3706 1014 3791 quandam
1034 3724 1104 3770 esse
1122 3705 1323 3789 productum.

205 3822 429 3906 Indignantem
451 3821 617 3885 Platonem
642 3841 738 3885 suum
763 3820 953 3884 Convivium
978 3818 1210 3902 Xenophonteo
1229 3839 1324 3903 oppo-

205 3937 308 4000 suisse
343 3954 418 3999 cum
449 3935 581 4018 quaevis
613 3936 731 4018 pagina
760 3935 883 4015 clamat,
906 3938 973 3997 tum
1004 3934 1188 4016 praesertim
1211 3933 1259 3995 illi
1282 3952 1324 3997 ex

205 4055 341 4132 utroque
371 4047 453 4112 libro
486 4047 645 4112 declarant
667 4048 738 4129 loci,
761 4046 818 4110 ubi
841 4047 879 4111 de
904 4044 1035 4109 deformi
1058 4045 1197 4110 Socratis
1220 4045 1324 4130 figura

203 4161 347 4245 facieque
371 4179 474 4224 sermo
496 4161 686 4224 instituitur.
711 4159 774 4235 Qui
795 4159 888 4242 plura
908 4158 1098 4240 sapientiis
1118 4163 1325 4243 auctcrsum,

145 4289 150 4298 ’
205 4281 243 4342 ut
272 4275 495 4341 Teichmiilleri
524 4273 642 4338 librum
658 4303 661 4310 ·
677 4273 840 4358 perlegant
874 4272 1097 4356 releguntque:
1133 4278 1324 4358 cognoscent
