<?xml version="1.0" encoding="UTF-8"?>
<!DOCTYPE html PUBLIC "-//W3C//DTD XHTML 1.0 Transitional//EN"
    "http://www.w3.org/TR/xhtml1/DTD/xhtml1-transitional.dtd">
<html xmlns="http://www.w3.org/1999/xhtml" xml:lang="en" lang="en">
 <head>
  <title>
</title>
<meta http-equiv="Content-Type" content="text/html;charset=utf-8" />
  <meta name='ocr-system' content='tesseract 3.04.00' />
  <meta name='ocr-capabilities' content='ocr_page ocr_carea ocr_par ocr_line ocrx_word'/>
</head>
<body>
  <div class='ocr_page' id='page_1' title='image "./analectaxenopho00hartgoog_0109.png"; bbox 0 0 3352 5260; ppageno 0'>
   <div class='ocr_carea' id='block_1_1' title="bbox 896 610 937 676">
    <p class='ocr_par' dir='ltr' id='par_1_1' title="bbox 896 610 937 676">
     <span class='ocr_line' id='line_1_1' title="bbox 896 610 937 676; baseline -0.024 0"><span class='ocrx_word' id='word_1_1' title='bbox 896 610 937 676; x_wconf 79' lang='lat' dir='ltr'><strong>el</strong></span> 
     </span>
    </p>
   </div>
   <div class='ocr_carea' id='block_1_2' title="bbox 352 793 1479 4399">
    <p class='ocr_par' dir='ltr' id='par_1_2' title="bbox 352 793 1476 1447">
     <span class='ocr_line' id='line_1_2' title="bbox 352 793 1475 881; baseline 0.001 -19"><span class='ocrx_word' id='word_1_2' title='bbox 352 804 416 862; x_wconf 91' lang='lat' dir='ltr'><strong>tem</strong></span> <span class='ocrx_word' id='word_1_3' title='bbox 450 802 544 862; x_wconf 86' lang='lat' dir='ltr'><strong>nocte</strong></span> <span class='ocrx_word' id='word_1_4' title='bbox 575 803 771 862; x_wconf 83' lang='lat' dir='ltr'><strong>convocant:</strong></span> <span class='ocrx_word' id='word_1_5' title='bbox 806 795 857 861; x_wconf 76' lang='grc' dir='ltr'><strong>καὶ</strong></span> <span class='ocrx_word' id='word_1_6' title='bbox 888 793 957 874; x_wconf 72' lang='grc' dir='ltr'><strong>ἅμα</strong></span> <span class='ocrx_word' id='word_1_7' title='bbox 987 795 1082 881; x_wconf 70' lang='lat' dir='ltr'><strong>toln</strong></span> <span class='ocrx_word' id='word_1_8' title='bbox 1105 796 1203 879; x_wconf 87' lang='grc' dir='ltr'><em>κύκλιρ</em></span> <span class='ocrx_word' id='word_1_9' title='bbox 1225 797 1288 880; x_wconf 78' lang='grc' dir='ltr'><em>περὶ</em></span> <span class='ocrx_word' id='word_1_10' title='bbox 1312 800 1361 864; x_wconf 87' lang='grc' dir='ltr'><em>τδν</em></span> <span class='ocrx_word' id='word_1_11' title='bbox 1383 798 1475 880; x_wconf 80' lang='grc' dir='ltr'><em>λόφον</em></span> 
     </span>
     <span class='ocr_line' id='line_1_3' title="bbox 353 907 1474 992; baseline 0.004 -18"><span class='ocrx_word' id='word_1_12' title='bbox 353 908 421 974; x_wconf 72' lang='lat' dir='ltr'><strong>tuta</strong></span> <span class='ocrx_word' id='word_1_13' title='bbox 444 910 468 975; x_wconf 82' lang='grc' dir='ltr'><strong>οἱ</strong></span> <span class='ocrx_word' id='word_1_14' title='bbox 491 907 637 984; x_wconf 83' lang='grc' dir='ltr'><em>Ἕλληνες</em></span> <span class='ocrx_word' id='word_1_15' title='bbox 656 909 929 992; x_wconf 70' lang='grc' dir='ltr'><strong>ἐστρατοπεδεύοντο</strong></span> <span class='ocrx_word' id='word_1_16' title='bbox 948 909 1111 975; x_wconf 82' lang='grc' dir='ltr'><em>ἐτύπτοντο.</em></span> <span class='ocrx_word' id='word_1_17' title='bbox 1135 912 1210 978; x_wconf 83' lang='lat' dir='ltr'><strong>Sive</strong></span> <span class='ocrx_word' id='word_1_18' title='bbox 1230 913 1312 978; x_wconf 90' lang='lat' dir='ltr'><strong>hano</strong></span> <span class='ocrx_word' id='word_1_19' title='bbox 1326 914 1474 978; x_wconf 83' lang='lat' dir='ltr'><strong>codicum</strong></span> 
     </span>
     <span class='ocr_line' id='line_1_4' title="bbox 353 1024 1475 1112; baseline 0.004 -24"><span class='ocrx_word' id='word_1_20' title='bbox 353 1024 519 1088; x_wconf 84' lang='lat' dir='ltr'><strong>lectionem</strong></span> <span class='ocrx_word' id='word_1_21' title='bbox 542 1024 666 1109; x_wconf 88' lang='lat' dir='ltr'><strong>probas,</strong></span> <span class='ocrx_word' id='word_1_22' title='bbox 691 1027 759 1090; x_wconf 89' lang='lat' dir='ltr'><strong>sive</strong></span> <span class='ocrx_word' id='word_1_23' title='bbox 782 1045 857 1089; x_wconf 89' lang='lat' dir='ltr'><strong>oum</strong></span> <span class='ocrx_word' id='word_1_24' title='bbox 881 1024 997 1090; x_wconf 82' lang='lat' dir='ltr'><strong>Cobeto</strong></span> <span class='ocrx_word' id='word_1_25' title='bbox 1017 1045 1074 1110; x_wconf 90' lang='lat' dir='ltr'><strong>pro</strong></span> <span class='ocrx_word' id='word_1_26' title='bbox 1094 1024 1368 1102; x_wconf 80' lang='grc' dir='ltr'><em>ἐστρατοπεδεύοντο</em></span> <span class='ocrx_word' id='word_1_27' title='bbox 1386 1027 1475 1112; x_wconf 84' lang='lat' dir='ltr'><strong>legis,</strong></span> 
     </span>
     <span class='ocr_line' id='line_1_5' title="bbox 355 1135 1476 1222; baseline 0.003 -21"><span class='ocrx_word' id='word_1_28' title='bbox 355 1138 441 1222; x_wconf 92' lang='lat' dir='ltr'><strong>quod</strong></span> <span class='ocrx_word' id='word_1_29' title='bbox 463 1142 610 1221; x_wconf 79' lang='lat' dir='ltr'><strong>praestat,</strong></span> <span class='ocrx_word' id='word_1_30' title='bbox 633 1135 956 1220; x_wconf 56' lang='lat' dir='ltr'><strong>{calamitosorum</strong></span> <span class='ocrx_word' id='word_1_31' title='bbox 980 1139 1087 1202; x_wconf 86' lang='lat' dir='ltr'><strong>vivida</strong></span> <span class='ocrx_word' id='word_1_32' title='bbox 1115 1139 1174 1203; x_wconf 90' lang='lat' dir='ltr'><strong>hao</strong></span> <span class='ocrx_word' id='word_1_33' title='bbox 1192 1141 1374 1204; x_wconf 79' lang='lat' dir='ltr'><strong>narratione</strong></span> <span class='ocrx_word' id='word_1_34' title='bbox 1394 1141 1476 1204; x_wconf 86' lang='lat' dir='ltr'>nihil</span> 
     </span>
     <span class='ocr_line' id='line_1_6' title="bbox 353 1251 1475 1335; baseline 0.003 -21"><span class='ocrx_word' id='word_1_35' title='bbox 353 1251 429 1315; x_wconf 87' lang='lat' dir='ltr'><strong>ferri</strong></span> <span class='ocrx_word' id='word_1_36' title='bbox 461 1255 573 1334; x_wconf 86' lang='lat' dir='ltr'><strong>potest,</strong></span> <span class='ocrx_word' id='word_1_37' title='bbox 609 1251 695 1335; x_wconf 91' lang='lat' dir='ltr'><strong>quod</strong></span> <span class='ocrx_word' id='word_1_38' title='bbox 727 1251 911 1314; x_wconf 87' lang='lat' dir='ltr'><strong>illustrandi</strong></span> <span class='ocrx_word' id='word_1_39' title='bbox 947 1253 1050 1335; x_wconf 82' lang='lat' dir='ltr'><strong>gratia</strong></span> <span class='ocrx_word' id='word_1_40' title='bbox 1084 1251 1181 1316; x_wconf 85' lang='lat' dir='ltr'><strong>verbo</strong></span> <span class='ocrx_word' id='word_1_41' title='bbox 1211 1251 1302 1332; x_wconf 82' lang='grc' dir='ltr'><em>λόφον</em></span> <span class='ocrx_word' id='word_1_42' title='bbox 1331 1253 1475 1317; x_wconf 84' lang='lat' dir='ltr'><strong>addatur.</strong></span> 
     </span>
     <span class='ocr_line' id='line_1_7' title="bbox 353 1359 1475 1447; baseline 0.003 -20"><span class='ocrx_word' id='word_1_43' title='bbox 353 1361 536 1427; x_wconf 91' lang='lat' dir='ltr'><strong>Delendum</strong></span> <span class='ocrx_word' id='word_1_44' title='bbox 560 1382 634 1447; x_wconf 87' lang='lat' dir='ltr'><strong>ergo</strong></span> <span class='ocrx_word' id='word_1_45' title='bbox 658 1382 728 1428; x_wconf 90' lang='lat' dir='ltr'><strong>esse</strong></span> <span class='ocrx_word' id='word_1_46' title='bbox 751 1365 866 1447; x_wconf 89' lang='lat' dir='ltr'><strong>opinor</strong></span> <span class='ocrx_word' id='word_1_47' title='bbox 887 1360 953 1427; x_wconf 77' lang='grc' dir='ltr'><em>ἔνθα</em></span> <span class='ocrx_word' id='word_1_48' title='bbox 975 1363 1000 1427; x_wconf 82' lang='grc' dir='ltr'><strong>οἱ</strong></span> <span class='ocrx_word' id='word_1_49' title='bbox 1024 1359 1169 1436; x_wconf 89' lang='grc' dir='ltr'><em>Ἑλληνες</em></span> <span class='ocrx_word' id='word_1_50' title='bbox 1189 1363 1475 1445; x_wconf 80' lang='grc' dir='ltr'><em>ἐστρατοπεδεύοντο.</em></span> 
     </span>
    </p>

    <p class='ocr_par' dir='ltr' id='par_1_3' title="bbox 353 1475 1477 3146">
     <span class='ocr_line' id='line_1_8' title="bbox 397 1475 1476 1558; baseline 0.002 -19"><span class='ocrx_word' id='word_1_51' title='bbox 397 1475 455 1558; x_wconf 92' lang='lat' dir='ltr'><strong>III,</strong></span> <span class='ocrx_word' id='word_1_52' title='bbox 484 1477 534 1540; x_wconf 91' lang='lat'><strong>10.</strong></span> <span class='ocrx_word' id='word_1_53' title='bbox 566 1475 652 1540; x_wconf 87' lang='lat' dir='ltr'><strong>Dum</strong></span> <span class='ocrx_word' id='word_1_54' title='bbox 677 1477 711 1538; x_wconf 91' lang='lat' dir='ltr'><strong>in</strong></span> <span class='ocrx_word' id='word_1_55' title='bbox 735 1476 815 1540; x_wconf 89' lang='lat' dir='ltr'><strong>eolle</strong></span> <span class='ocrx_word' id='word_1_56' title='bbox 834 1497 854 1540; x_wconf 85' lang='lat' dir='ltr'><strong>a</strong></span> <span class='ocrx_word' id='word_1_57' title='bbox 876 1475 1018 1540; x_wconf 88' lang='lat' dir='ltr'><strong>barbaris</strong></span> <span class='ocrx_word' id='word_1_58' title='bbox 1040 1477 1158 1541; x_wconf 87' lang='lat' dir='ltr'><strong>inclusi</strong></span> <span class='ocrx_word' id='word_1_59' title='bbox 1180 1482 1333 1542; x_wconf 90' lang='lat' dir='ltr'><strong>tenentur</strong></span> <span class='ocrx_word' id='word_1_60' title='bbox 1354 1479 1476 1543; x_wconf 87' lang='lat' dir='ltr'><strong>thaei</strong></span> 
     </span>
     <span class='ocr_line' id='line_1_9' title="bbox 355 1588 1476 1676; baseline 0.003 -24"><span class='ocrx_word' id='word_1_61' title='bbox 355 1590 571 1674; x_wconf 83' lang='lat' dir='ltr'><strong>Arcadesque,</strong></span> <span class='ocrx_word' id='word_1_62' title='bbox 593 1590 633 1654; x_wconf 88' lang='lat' dir='ltr'><strong>ad</strong></span> <span class='ocrx_word' id='word_1_63' title='bbox 656 1588 912 1673; x_wconf 84' lang='lat' dir='ltr'><strong>Xenophontem,</strong></span> <span class='ocrx_word' id='word_1_64' title='bbox 936 1592 1002 1674; x_wconf 88' lang='lat' dir='ltr'><strong>qui,</strong></span> <span class='ocrx_word' id='word_1_65' title='bbox 1022 1595 1058 1656; x_wconf 93' lang='lat' dir='ltr'><strong>ut</strong></span> <span class='ocrx_word' id='word_1_66' title='bbox 1078 1610 1176 1676; x_wconf 88' lang='lat' dir='ltr'><strong>supra</strong></span> <span class='ocrx_word' id='word_1_67' title='bbox 1187 1591 1337 1674; x_wconf 71' lang='lat' dir='ltr'><strong>vidimus</strong></span> <span class='ocrx_word' id='word_1_68' title='bbox 1350 1592 1476 1655; x_wconf 86' lang='lat' dir='ltr'><strong>diversa</strong></span> 
     </span>
     <span class='ocr_line' id='line_1_10' title="bbox 354 1701 1475 1788; baseline 0.002 -22"><span class='ocrx_word' id='word_1_69' title='bbox 354 1701 395 1766; x_wconf 86' lang='lat' dir='ltr'><strong>ab</strong></span> <span class='ocrx_word' id='word_1_70' title='bbox 429 1702 493 1766; x_wconf 90' lang='lat' dir='ltr'><strong>illis</strong></span> <span class='ocrx_word' id='word_1_71' title='bbox 529 1705 581 1765; x_wconf 89' lang='lat' dir='ltr'><strong>via</strong></span> <span class='ocrx_word' id='word_1_72' title='bbox 615 1722 690 1766; x_wconf 88' lang='lat' dir='ltr'><strong>suas</strong></span> <span class='ocrx_word' id='word_1_73' title='bbox 721 1704 828 1786; x_wconf 81' lang='lat' dir='ltr'><strong>copias</strong></span> <span class='ocrx_word' id='word_1_74' title='bbox 858 1703 955 1779; x_wconf 86' lang='lat' dir='ltr'><strong>ducit,</strong></span> <span class='ocrx_word' id='word_1_75' title='bbox 979 1722 1072 1767; x_wconf 89' lang='lat' dir='ltr'><strong>senes</strong></span> <span class='ocrx_word' id='word_1_76' title='bbox 1095 1704 1168 1785; x_wconf 93' lang='lat' dir='ltr'><strong>duo,</strong></span> <span class='ocrx_word' id='word_1_77' title='bbox 1191 1705 1226 1766; x_wconf 94' lang='lat' dir='ltr'><strong>in</strong></span> <span class='ocrx_word' id='word_1_78' title='bbox 1250 1724 1331 1788; x_wconf 90' lang='lat' dir='ltr'><strong>quos</strong></span> <span class='ocrx_word' id='word_1_79' title='bbox 1355 1704 1475 1768; x_wconf 84' lang='lat' dir='ltr'><strong>milites</strong></span> 
     </span>
     <span class='ocr_line' id='line_1_11' title="bbox 354 1816 1476 1899; baseline 0.001 -19"><span class='ocrx_word' id='word_1_80' title='bbox 354 1817 424 1880; x_wconf 89' lang='lat' dir='ltr'><strong>eius</strong></span> <span class='ocrx_word' id='word_1_81' title='bbox 459 1816 646 1899; x_wconf 87' lang='lat' dir='ltr'><strong>praedantes</strong></span> <span class='ocrx_word' id='word_1_82' title='bbox 677 1816 863 1897; x_wconf 85' lang='lat' dir='ltr'><strong>inciderant,</strong></span> <span class='ocrx_word' id='word_1_83' title='bbox 891 1816 1114 1881; x_wconf 82' lang='lat' dir='ltr'><strong>adducuntur:</strong></span> <span class='ocrx_word' id='word_1_84' title='bbox 1146 1817 1227 1899; x_wconf 92' lang='lat' dir='ltr'><strong>illos,</strong></span> <span class='ocrx_word' id='word_1_85' title='bbox 1251 1818 1290 1882; x_wconf 92' lang='lat' dir='ltr'><strong>de</strong></span> <span class='ocrx_word' id='word_1_86' title='bbox 1315 1819 1476 1882; x_wconf 80' lang='lat' dir='ltr'><strong>sociorum</strong></span> 
     </span>
     <span class='ocr_line' id='line_1_12' title="bbox 354 1926 1476 2014; baseline -0.002 -18"><span class='ocrx_word' id='word_1_87' title='bbox 354 1936 438 1996; x_wconf 87' lang='lat' dir='ltr'><strong>sorte</strong></span> <span class='ocrx_word' id='word_1_88' title='bbox 466 1930 630 2012; x_wconf 80' lang='lat' dir='ltr'><strong>sollicitae,</strong></span> <span class='ocrx_word' id='word_1_89' title='bbox 653 1932 826 2014; x_wconf 86' lang='lat' dir='ltr'><strong>interrogat</strong></span> <span class='ocrx_word' id='word_1_90' title='bbox 849 1926 876 1992; x_wconf 79' lang='grc' dir='ltr'><strong>εἴ</strong></span> <span class='ocrx_word' id='word_1_91' title='bbox 897 1952 952 1994; x_wconf 89' lang='grc' dir='ltr'><strong>που</strong></span> <span class='ocrx_word' id='word_1_92' title='bbox 975 1929 1114 2010; x_wconf 72' lang='grc' dir='ltr'><em>ᾕσύηνται</em></span> <span class='ocrx_word' id='word_1_93' title='bbox 1136 1927 1229 1995; x_wconf 71' lang='grc' dir='ltr'><em>ἄλλον</em></span> <span class='ocrx_word' id='word_1_94' title='bbox 1253 1928 1476 2011; x_wconf 69' lang='grc' dir='ltr'><em>στρατεύματος</em></span> 
     </span>
     <span class='ocr_line' id='line_1_13' title="bbox 353 2040 1477 2128; baseline 0.001 -21"><span class='ocrx_word' id='word_1_95' title='bbox 353 2040 433 2116; x_wconf 82' lang='grc' dir='ltr'><em>ύντος</em></span> <span class='ocrx_word' id='word_1_96' title='bbox 454 2044 635 2116; x_wconf 75' lang='grc' dir='ltr'><em>Ἑλληνικοῦ.</em></span> <span class='ocrx_word' id='word_1_97' title='bbox 656 2043 753 2109; x_wconf 87' lang='lat' dir='ltr'><strong>Nulla</strong></span> <span class='ocrx_word' id='word_1_98' title='bbox 773 2045 895 2108; x_wconf 89' lang='lat' dir='ltr'><strong>medela</strong></span> <span class='ocrx_word' id='word_1_99' title='bbox 914 2045 992 2108; x_wconf 87' lang='lat' dir='ltr'><strong>haee</strong></span> <span class='ocrx_word' id='word_1_100' title='bbox 1011 2043 1108 2109; x_wconf 86' lang='lat' dir='ltr'><strong>verba</strong></span> <span class='ocrx_word' id='word_1_101' title='bbox 1130 2045 1291 2128; x_wconf 79' lang='lat' dir='ltr'><strong>indigout3</strong></span> <span class='ocrx_word' id='word_1_102' title='bbox 1306 2046 1477 2109; x_wconf 90' lang='lat' dir='ltr'><strong>sanissima</strong></span> 
     </span>
     <span class='ocr_line' id='line_1_14' title="bbox 355 2158 1476 2241; baseline 0.002 -20"><span class='ocrx_word' id='word_1_103' title='bbox 355 2160 441 2221; x_wconf 90' lang='lat' dir='ltr'><strong>euim</strong></span> <span class='ocrx_word' id='word_1_104' title='bbox 473 2164 558 2240; x_wconf 87' lang='lat' dir='ltr'><strong>sunt,</strong></span> <span class='ocrx_word' id='word_1_105' title='bbox 588 2158 762 2222; x_wconf 91' lang='lat' dir='ltr'><strong>dummodo</strong></span> <span class='ocrx_word' id='word_1_106' title='bbox 793 2177 843 2239; x_wconf 91' lang='lat' dir='ltr'><strong>ne,</strong></span> <span class='ocrx_word' id='word_1_107' title='bbox 865 2158 898 2221; x_wconf 96' lang='lat' dir='ltr'><strong>id</strong></span> <span class='ocrx_word' id='word_1_108' title='bbox 927 2158 1013 2241; x_wconf 92' lang='lat' dir='ltr'><strong>quod</strong></span> <span class='ocrx_word' id='word_1_109' title='bbox 1036 2159 1070 2221; x_wconf 94' lang='lat' dir='ltr'><strong>in</strong></span> <span class='ocrx_word' id='word_1_110' title='bbox 1093 2158 1258 2222; x_wconf 87' lang='lat' dir='ltr'><strong>nonnullis</strong></span> <span class='ocrx_word' id='word_1_111' title='bbox 1282 2159 1476 2223; x_wconf 88' lang='lat' dir='ltr'><strong>editionibus</strong></span> 
     </span>
     <span class='ocr_line' id='line_1_15' title="bbox 353 2269 1476 2357; baseline 0 -22"><span class='ocrx_word' id='word_1_112' title='bbox 353 2271 421 2335; x_wconf 90' lang='lat' dir='ltr'><strong>fieri</strong></span> <span class='ocrx_word' id='word_1_113' title='bbox 456 2272 559 2353; x_wconf 87' lang='lat' dir='ltr'><strong>video,</strong></span> <span class='ocrx_word' id='word_1_114' title='bbox 588 2271 747 2355; x_wconf 82' lang='lat' dir='ltr'><strong>virgulam</strong></span> <span class='ocrx_word' id='word_1_115' title='bbox 778 2277 851 2355; x_wconf 88' lang='lat' dir='ltr'><strong>post</strong></span> <span class='ocrx_word' id='word_1_116' title='bbox 880 2269 1102 2350; x_wconf 76' lang='grc' dir='ltr'><em>στρατεύματος</em></span> <span class='ocrx_word' id='word_1_117' title='bbox 1132 2291 1241 2357; x_wconf 90' lang='lat' dir='ltr'><strong>ponas.</strong></span> <span class='ocrx_word' id='word_1_118' title='bbox 1264 2271 1347 2335; x_wconf 87' lang='lat' dir='ltr'><strong>Nam</strong></span> <span class='ocrx_word' id='word_1_119' title='bbox 1372 2292 1476 2356; x_wconf 89' lang='lat' dir='ltr'><strong>quum</strong></span> 
     </span>
     <span class='ocr_line' id='line_1_16' title="bbox 354 2381 1475 2469; baseline 0.002 -23"><span class='ocrx_word' id='word_1_120' title='bbox 354 2407 419 2456; x_wconf 92' lang='grc' dir='ltr'><em>πον,</em></span> <span class='ocrx_word' id='word_1_121' title='bbox 453 2389 489 2448; x_wconf 94' lang='lat' dir='ltr'><strong>ut</strong></span> <span class='ocrx_word' id='word_1_122' title='bbox 518 2389 603 2449; x_wconf 85' lang='lat' dir='ltr'><strong>reete</strong></span> <span class='ocrx_word' id='word_1_123' title='bbox 633 2385 708 2448; x_wconf 93' lang='lat' dir='ltr'><strong>olim</strong></span> <span class='ocrx_word' id='word_1_124' title='bbox 736 2384 918 2448; x_wconf 88' lang='lat' dir='ltr'><strong>observavit</strong></span> <span class='ocrx_word' id='word_1_125' title='bbox 940 2384 1113 2466; x_wconf 90' lang='lat' dir='ltr'><strong>Weishius,</strong></span> <span class='ocrx_word' id='word_1_126' title='bbox 1137 2403 1211 2448; x_wconf 88' lang='lat' dir='ltr'><strong>oum</strong></span> <span class='ocrx_word' id='word_1_127' title='bbox 1235 2381 1314 2456; x_wconf 83' lang='grc' dir='ltr'><em>ύντος</em></span> <span class='ocrx_word' id='word_1_128' title='bbox 1339 2386 1475 2469; x_wconf 87' lang='lat' dir='ltr'><strong>iungen-</strong></span> 
     </span>
     <span class='ocr_line' id='line_1_17' title="bbox 355 2497 1475 2581; baseline 0.002 -21"><span class='ocrx_word' id='word_1_129' title='bbox 355 2497 431 2560; x_wconf 90' lang='lat' dir='ltr'><strong>dum</strong></span> <span class='ocrx_word' id='word_1_130' title='bbox 457 2498 507 2579; x_wconf 93' lang='lat' dir='ltr'><strong>sit,</strong></span> <span class='ocrx_word' id='word_1_131' title='bbox 530 2516 567 2561; x_wconf 88' lang='lat' dir='ltr'><strong>ea</strong></span> <span class='ocrx_word' id='word_1_132' title='bbox 589 2498 794 2581; x_wconf 85' lang='lat' dir='ltr'><strong>interrogatio</strong></span> <span class='ocrx_word' id='word_1_133' title='bbox 817 2499 862 2561; x_wconf 88' lang='lat' dir='ltr'><strong>ita</strong></span> <span class='ocrx_word' id='word_1_134' title='bbox 885 2502 934 2561; x_wconf 93' lang='lat' dir='ltr'><strong>est</strong></span> <span class='ocrx_word' id='word_1_135' title='bbox 955 2497 1124 2561; x_wconf 88' lang='lat' dir='ltr'><strong>vertenda:</strong></span> <span class='ocrx_word' id='word_1_136' title='bbox 1149 2497 1475 2562; x_wconf 88' lang='lat' dir='ltr'><strong>animadverterintne</strong></span> 
     </span>
     <span class='ocr_line' id='line_1_18' title="bbox 355 2609 1476 2695; baseline 0.001 -21"><span class='ocrx_word' id='word_1_137' title='bbox 355 2609 473 2674; x_wconf 86' lang='lat' dir='ltr'><strong>alieubi</strong></span> <span class='ocrx_word' id='word_1_138' title='bbox 495 2630 564 2674; x_wconf 89' lang='lat' dir='ltr'><strong>esse</strong></span> <span class='ocrx_word' id='word_1_139' title='bbox 588 2611 686 2674; x_wconf 90' lang='lat' dir='ltr'><strong>alium</strong></span> <span class='ocrx_word' id='word_1_140' title='bbox 709 2610 901 2675; x_wconf 83' lang='lat' dir='ltr'><strong>Graecorum</strong></span> <span class='ocrx_word' id='word_1_141' title='bbox 922 2612 1108 2675; x_wconf 84' lang='lat' dir='ltr'><strong>exereitum.</strong></span> <span class='ocrx_word' id='word_1_142' title='bbox 1128 2609 1202 2674; x_wconf 89' lang='lat' dir='ltr'><strong>Non</strong></span> <span class='ocrx_word' id='word_1_143' title='bbox 1221 2617 1358 2695; x_wconf 86' lang='lat' dir='ltr'><strong>possunt</strong></span> <span class='ocrx_word' id='word_1_144' title='bbox 1379 2611 1476 2675; x_wconf 89' lang='lat' dir='ltr'><strong>verba</strong></span> 
     </span>
     <span class='ocr_line' id='line_1_19' title="bbox 354 2721 1477 2807; baseline 0.002 -20"><span class='ocrx_word' id='word_1_145' title='bbox 354 2721 434 2793; x_wconf 79' lang='grc' dir='ltr'><em>ύντοο</em></span> <span class='ocrx_word' id='word_1_146' title='bbox 470 2723 643 2797; x_wconf 70' lang='grc' dir='ltr'><em>Ἑλληνικοῦ</em></span> <span class='ocrx_word' id='word_1_147' title='bbox 678 2723 775 2788; x_wconf 88' lang='lat' dir='ltr'><strong>verbo</strong></span> <span class='ocrx_word' id='word_1_148' title='bbox 810 2722 1032 2803; x_wconf 77' lang='grc' dir='ltr'><em>στρατεύματος</em></span> <span class='ocrx_word' id='word_1_149' title='bbox 1066 2724 1273 2807; x_wconf 86' lang='lat' dir='ltr'><strong>appositionis</strong></span> <span class='ocrx_word' id='word_1_150' title='bbox 1305 2724 1375 2787; x_wconf 92' lang='lat' dir='ltr'><strong>looo</strong></span> <span class='ocrx_word' id='word_1_151' title='bbox 1407 2743 1477 2790; x_wconf 87' lang='lat' dir='ltr'><strong>esse</strong></span> 
     </span>
     <span class='ocr_line' id='line_1_20' title="bbox 354 2837 1477 2921; baseline -0.002 -20"><span class='ocrx_word' id='word_1_152' title='bbox 354 2838 493 2902; x_wconf 84' lang='lat' dir='ltr'><strong>adiecta:</strong></span> <span class='ocrx_word' id='word_1_153' title='bbox 530 2858 604 2902; x_wconf 87' lang='lat' dir='ltr'><strong>nam</strong></span> <span class='ocrx_word' id='word_1_154' title='bbox 638 2856 770 2921; x_wconf 87' lang='lat' dir='ltr'><strong>prorsus</strong></span> <span class='ocrx_word' id='word_1_155' title='bbox 799 2838 885 2901; x_wconf 91' lang='lat' dir='ltr'><strong>idem</strong></span> <span class='ocrx_word' id='word_1_156' title='bbox 916 2837 1108 2921; x_wconf 81' lang='lat' dir='ltr'><strong>significaret</strong></span> <span class='ocrx_word' id='word_1_157' title='bbox 1139 2856 1176 2900; x_wconf 87' lang='lat' dir='ltr'><strong>ea</strong></span> <span class='ocrx_word' id='word_1_158' title='bbox 1199 2838 1364 2920; x_wconf 90' lang='lat' dir='ltr'><strong>appositi0,</strong></span> <span class='ocrx_word' id='word_1_159' title='bbox 1390 2837 1477 2921; x_wconf 93' lang='lat' dir='ltr'><strong>quod</strong></span> 
     </span>
     <span class='ocr_line' id='line_1_21' title="bbox 353 2951 1476 3035; baseline -0.002 -19"><span class='ocrx_word' id='word_1_160' title='bbox 353 2952 491 3035; x_wconf 82' lang='lat' dir='ltr'><strong>simplex</strong></span> <span class='ocrx_word' id='word_1_161' title='bbox 525 2952 719 3016; x_wconf 87' lang='lat' dir='ltr'><strong>adieetivum</strong></span> <span class='ocrx_word' id='word_1_162' title='bbox 754 2951 936 3034; x_wconf 74' lang='grc' dir='ltr'><em>Ἑλληνικοῦ,</em></span> <span class='ocrx_word' id='word_1_163' title='bbox 970 2952 1034 3014; x_wconf 89' lang='lat' dir='ltr'><strong>nisi</strong></span> <span class='ocrx_word' id='word_1_164' title='bbox 1068 2951 1154 3034; x_wconf 92' lang='lat' dir='ltr'><strong>quod</strong></span> <span class='ocrx_word' id='word_1_165' title='bbox 1189 2951 1357 3034; x_wconf 87' lang='lat' dir='ltr'><strong>emphasis,</strong></span> <span class='ocrx_word' id='word_1_166' title='bbox 1393 2970 1476 3033; x_wconf 90' lang='lat' dir='ltr'><strong>quae</strong></span> 
     </span>
     <span class='ocr_line' id='line_1_22' title="bbox 355 3062 1475 3146; baseline 0.001 -21"><span class='ocrx_word' id='word_1_167' title='bbox 355 3063 451 3128; x_wconf 89' lang='lat' dir='ltr'><strong>verbo</strong></span> <span class='ocrx_word' id='word_1_168' title='bbox 472 3063 611 3144; x_wconf 72' lang='grc' dir='ltr'><em>ᾕσύηνται</em></span> <span class='ocrx_word' id='word_1_169' title='bbox 630 3064 773 3146; x_wconf 89' lang='lat' dir='ltr'><strong>debetur,</strong></span> <span class='ocrx_word' id='word_1_170' title='bbox 784 3066 903 3128; x_wconf 87' lang='lat' dir='ltr'><strong>iniuria</strong></span> <span class='ocrx_word' id='word_1_171' title='bbox 915 3064 1070 3128; x_wconf 88' lang='lat' dir='ltr'><strong>adieetivo</strong></span> <span class='ocrx_word' id='word_1_172' title='bbox 1084 3062 1256 3136; x_wconf 90' lang='grc' dir='ltr'><em>Ἑλληνικοῦ</em></span> <span class='ocrx_word' id='word_1_173' title='bbox 1269 3063 1475 3128; x_wconf 91' lang='lat' dir='ltr'><strong>tribueretur.</strong></span> 
     </span>
    </p>

    <p class='ocr_par' dir='ltr' id='par_1_4' title="bbox 354 3177 1478 4038">
     <span class='ocr_line' id='line_1_23' title="bbox 398 3177 1476 3262; baseline 0.003 -22"><span class='ocrx_word' id='word_1_174' title='bbox 398 3177 457 3255; x_wconf 85' lang='lat' dir='ltr'><strong>III,</strong></span> <span class='ocrx_word' id='word_1_175' title='bbox 490 3179 541 3240; x_wconf 86' lang='lat'><strong>25.</strong></span> <span class='ocrx_word' id='word_1_176' title='bbox 575 3177 680 3253; x_wconf 75' lang='lat' dir='ltr'><strong>Quum</strong></span> <span class='ocrx_word' id='word_1_177' title='bbox 711 3177 892 3262; x_wconf 86' lang='lat' dir='ltr'><strong>Xenophon</strong></span> <span class='ocrx_word' id='word_1_178' title='bbox 918 3178 957 3242; x_wconf 89' lang='lat' dir='ltr'><strong>ad</strong></span> <span class='ocrx_word' id='word_1_179' title='bbox 981 3178 1093 3242; x_wconf 85' lang='lat' dir='ltr'><strong>collem</strong></span> <span class='ocrx_word' id='word_1_180' title='bbox 1116 3179 1248 3259; x_wconf 86' lang='lat' dir='ltr'><strong>veniret,</strong></span> <span class='ocrx_word' id='word_1_181' title='bbox 1272 3183 1309 3241; x_wconf 94' lang='lat' dir='ltr'><strong>ut</strong></span> <span class='ocrx_word' id='word_1_182' title='bbox 1332 3179 1476 3243; x_wconf 82' lang='lat' dir='ltr'><strong>Arcades</strong></span> 
     </span>
     <span class='ocr_line' id='line_1_24' title="bbox 356 3289 1476 3376; baseline 0.003 -24"><span class='ocrx_word' id='word_1_183' title='bbox 356 3289 521 3354; x_wconf 92' lang='lat' dir='ltr'><strong>obsidione</strong></span> <span class='ocrx_word' id='word_1_184' title='bbox 543 3290 700 3373; x_wconf 90' lang='lat' dir='ltr'><strong>liberaret,</strong></span> <span class='ocrx_word' id='word_1_185' title='bbox 722 3293 786 3355; x_wconf 91' lang='lat' dir='ltr'><strong>iam</strong></span> <span class='ocrx_word' id='word_1_186' title='bbox 809 3292 919 3375; x_wconf 82' lang='lat' dir='ltr'><strong>fugam</strong></span> <span class='ocrx_word' id='word_1_187' title='bbox 942 3292 1177 3376; x_wconf 83' lang='lat' dir='ltr'><strong>capessiverant</strong></span> <span class='ocrx_word' id='word_1_188' title='bbox 1199 3290 1335 3354; x_wconf 90' lang='lat' dir='ltr'><strong>barbari.</strong></span> <span class='ocrx_word' id='word_1_189' title='bbox 1363 3290 1476 3372; x_wconf 83' lang='lat' dir='ltr'><strong>„Cur”</strong></span> 
     </span>
     <span class='ocr_line' id='line_1_25' title="bbox 354 3403 1477 3488; baseline 0.004 -23"><span class='ocrx_word' id='word_1_190' title='bbox 354 3403 400 3466; x_wconf 88' lang='lat' dir='ltr'><strong>ita</strong></span> <span class='ocrx_word' id='word_1_191' title='bbox 429 3403 572 3468; x_wconf 89' lang='lat' dir='ltr'><strong>Aroades</strong></span> <span class='ocrx_word' id='word_1_192' title='bbox 601 3403 848 3488; x_wconf 90' lang='lat' dir='ltr'><strong>Xenophontem</strong></span> <span class='ocrx_word' id='word_1_193' title='bbox 875 3407 1072 3488; x_wconf 85' lang='lat' dir='ltr'><strong>interrogant</strong></span> <span class='ocrx_word' id='word_1_194' title='bbox 1098 3405 1214 3488; x_wconf 81' lang='lat' dir='ltr'><strong>„ignes</strong></span> <span class='ocrx_word' id='word_1_195' title='bbox 1237 3409 1381 3486; x_wconf 86' lang='lat' dir='ltr'><strong>vestros,</strong></span> <span class='ocrx_word' id='word_1_196' title='bbox 1394 3425 1477 3488; x_wconf 91' lang='lat' dir='ltr'><strong>quos</strong></span> 
     </span>
     <span class='ocr_line' id='line_1_26' title="bbox 355 3516 1476 3602; baseline 0.004 -23"><span class='ocrx_word' id='word_1_197' title='bbox 355 3517 418 3580; x_wconf 89' lang='lat' dir='ltr'><strong>iam</strong></span> <span class='ocrx_word' id='word_1_198' title='bbox 454 3536 472 3581; x_wconf 99' lang='lat' dir='ltr'><strong>e</strong></span> <span class='ocrx_word' id='word_1_199' title='bbox 506 3517 683 3602; x_wconf 84' lang='lat' dir='ltr'><strong>longinquo</strong></span> <span class='ocrx_word' id='word_1_200' title='bbox 717 3519 911 3596; x_wconf 86' lang='lat' dir='ltr'><strong>videramus,</strong></span> <span class='ocrx_word' id='word_1_201' title='bbox 942 3518 1151 3582; x_wconf 81' lang='lat' dir='ltr'><strong>extinxistis?</strong></span> <span class='ocrx_word' id='word_1_202' title='bbox 1182 3516 1250 3582; x_wconf 90' lang='lat' dir='ltr'><strong>Nos</strong></span> <span class='ocrx_word' id='word_1_203' title='bbox 1274 3519 1359 3582; x_wconf 89' lang='lat' dir='ltr'><strong>enim</strong></span> <span class='ocrx_word' id='word_1_204' title='bbox 1384 3520 1476 3602; x_wconf 82' lang='lat' dir='ltr'><strong>ignes</strong></span> 
     </span>
     <span class='ocr_line' id='line_1_27' title="bbox 355 3631 1474 3717; baseline 0.002 -22"><span class='ocrx_word' id='word_1_205' title='bbox 355 3631 427 3696; x_wconf 93' lang='lat' dir='ltr'><strong>illos</strong></span> <span class='ocrx_word' id='word_1_206' title='bbox 450 3651 514 3695; x_wconf 90' lang='lat' dir='ltr'><strong>non</strong></span> <span class='ocrx_word' id='word_1_207' title='bbox 538 3633 676 3716; x_wconf 90' lang='lat' dir='ltr'><strong>amplius</strong></span> <span class='ocrx_word' id='word_1_208' title='bbox 700 3634 939 3716; x_wconf 88' lang='lat' dir='ltr'><strong>oonspioientes,</strong></span> <span class='ocrx_word' id='word_1_209' title='bbox 963 3632 1165 3717; x_wconf 88' lang='lat' dir='ltr'><strong>putabamus,</strong></span> <span class='ocrx_word' id='word_1_210' title='bbox 1188 3651 1246 3695; x_wconf 90' lang='lat' dir='ltr'><strong>vos</strong></span> <span class='ocrx_word' id='word_1_211' title='bbox 1270 3650 1327 3715; x_wconf 89' lang='lat' dir='ltr'><strong>per</strong></span> <span class='ocrx_word' id='word_1_212' title='bbox 1348 3637 1474 3697; x_wconf 90' lang='lat' dir='ltr'><strong>noetem</strong></span> 
     </span>
     <span class='ocr_line' id='line_1_28' title="bbox 355 3741 1478 3829; baseline 0 -21"><span class='ocrx_word' id='word_1_213' title='bbox 355 3747 510 3829; x_wconf 82' lang='lat' dir='ltr'><strong>impetum</strong></span> <span class='ocrx_word' id='word_1_214' title='bbox 544 3748 577 3809; x_wconf 88' lang='lat' dir='ltr'><strong>in</strong></span> <span class='ocrx_word' id='word_1_215' title='bbox 609 3747 716 3811; x_wconf 85' lang='lat' dir='ltr'><strong>hostes</strong></span> <span class='ocrx_word' id='word_1_216' title='bbox 746 3747 886 3810; x_wconf 80' lang='lat' dir='ltr'><strong>fauturos</strong></span> <span class='ocrx_word' id='word_1_217' title='bbox 917 3766 1002 3811; x_wconf 87' lang='lat' dir='ltr'><strong>esse:</strong></span> <span class='ocrx_word' id='word_1_218' title='bbox 1034 3743 1085 3809; x_wconf 74' lang='grc' dir='ltr'><strong>καὶ</strong></span> <span class='ocrx_word' id='word_1_219' title='bbox 1110 3744 1133 3808; x_wconf 79' lang='grc' dir='ltr'><strong>οἱ</strong></span> <span class='ocrx_word' id='word_1_220' title='bbox 1157 3741 1289 3821; x_wconf 81' lang='grc' dir='ltr'><em>πολέμιοι</em></span> <span class='ocrx_word' id='word_1_221' title='bbox 1313 3743 1354 3817; x_wconf 83' lang='grc' dir='ltr'><strong>δὲ,</strong></span> <span class='ocrx_word' id='word_1_222' title='bbox 1380 3741 1417 3817; x_wconf 76' lang='grc' dir='ltr'><strong>ὥς</strong></span> <span class='ocrx_word' id='word_1_223' title='bbox 1441 3769 1478 3822; x_wconf 71' lang='grc' dir='ltr'><strong>γε</strong></span> 
     </span>
     <span class='ocr_line' id='line_1_29' title="bbox 356 3858 1478 3943; baseline 0.002 -22"><span class='ocrx_word' id='word_1_224' title='bbox 356 3858 425 3935; x_wconf 79' lang='grc' dir='ltr'><em>ημῖν</em></span> <span class='ocrx_word' id='word_1_225' title='bbox 448 3859 569 3932; x_wconf 86' lang='grc' dir='ltr'><em>ἐδύκουν,</em></span> <span class='ocrx_word' id='word_1_226' title='bbox 594 3863 676 3923; x_wconf 83' lang='grc' dir='ltr'><em>τοῦτο</em></span> <span class='ocrx_word' id='word_1_227' title='bbox 700 3858 848 3932; x_wconf 83' lang='grc' dir='ltr'><em>δείσαντες</em></span> <span class='ocrx_word' id='word_1_228' title='bbox 868 3859 1030 3932; x_wconf 77' lang='grc' dir='ltr'><em>ούπῆλύον.”</em></span> <span class='ocrx_word' id='word_1_229' title='bbox 1051 3859 1113 3923; x_wconf 88' lang='lat' dir='ltr'><strong>Pro</strong></span> <span class='ocrx_word' id='word_1_230' title='bbox 1125 3861 1208 3922; x_wconf 82' lang='grc' dir='ltr'><em>τοῦτο</em></span> <span class='ocrx_word' id='word_1_231' title='bbox 1221 3859 1326 3943; x_wconf 82' lang='lat' dir='ltr'><strong>legere</strong></span> <span class='ocrx_word' id='word_1_232' title='bbox 1338 3864 1478 3943; x_wconf 88' lang='lat' dir='ltr'><strong>praestat</strong></span> 
     </span>
     <span class='ocr_line' id='line_1_30' title="bbox 356 3971 728 4038; baseline 0.008 -4"><span class='ocrx_word' id='word_1_233' title='bbox 356 3971 448 4036; x_wconf 88' lang='grc' dir='ltr'><em>ταύτύ</em></span> <span class='ocrx_word' id='word_1_234' title='bbox 470 3974 522 4038; x_wconf 87' lang='lat' dir='ltr'><strong>vel</strong></span> <span class='ocrx_word' id='word_1_235' title='bbox 543 3974 624 4037; x_wconf 82' lang='grc' dir='ltr'><em>τοῦτ’</em></span> <span class='ocrx_word' id='word_1_236' title='bbox 647 3974 728 4037; x_wconf 82' lang='grc' dir='ltr'><em>αύτύ.</em></span> 
     </span>
    </p>

    <p class='ocr_par' dir='ltr' id='par_1_5' title="bbox 356 4082 1479 4399">
     <span class='ocr_line' id='line_1_31' title="bbox 400 4082 1477 4169; baseline -0.002 -19"><span class='ocrx_word' id='word_1_237' title='bbox 400 4087 457 4169; x_wconf 91' lang='lat' dir='ltr'><strong>IV,</strong></span> <span class='ocrx_word' id='word_1_238' title='bbox 490 4089 538 4151; x_wconf 88' lang='grc'><strong>18.</strong></span> <span class='ocrx_word' id='word_1_239' title='bbox 570 4089 607 4160; x_wconf 79' lang='grc' dir='ltr'><strong>ὥς</strong></span> <span class='ocrx_word' id='word_1_240' title='bbox 630 4086 688 4168; x_wconf 74' lang='grc' dir='ltr'><em>γύιρ</em></span> <span class='ocrx_word' id='word_1_241' title='bbox 712 4087 769 4165; x_wconf 71' lang='grc' dir='ltr'><strong>ἐγὼ</strong></span> <span class='ocrx_word' id='word_1_242' title='bbox 793 4087 852 4151; x_wconf 74' lang='lat' dir='ltr'><strong>elad</strong></span> <span class='ocrx_word' id='word_1_243' title='bbox 876 4091 927 4150; x_wconf 81' lang='grc' dir='ltr'><em>τοῦ</em></span> <span class='ocrx_word' id='word_1_244' title='bbox 950 4084 1122 4164; x_wconf 82' lang='grc' dir='ltr'><em>αύτομούτον</em></span> <span class='ocrx_word' id='word_1_245' title='bbox 1145 4085 1215 4165; x_wconf 79' lang='grc' dir='ltr'><em>χύὲς</em></span> <span class='ocrx_word' id='word_1_246' title='bbox 1238 4082 1355 4158; x_wconf 68' lang='grc' dir='ltr'><em>ἥκοντος</em></span> <span class='ocrx_word' id='word_1_247' title='bbox 1377 4084 1477 4150; x_wconf 82' lang='grc' dir='ltr'><em>πλοίου</em></span> 
     </span>
     <span class='ocr_line' id='line_1_32' title="bbox 356 4196 1479 4281; baseline 0.001 -18"><span class='ocrx_word' id='word_1_248' title='bbox 356 4196 466 4272; x_wconf 79' lang='grc' dir='ltr'><em>ύκουσού</em></span> <span class='ocrx_word' id='word_1_249' title='bbox 488 4223 572 4274; x_wconf 86' lang='grc' dir='ltr'><em>τινος,</em></span> <span class='ocrx_word' id='word_1_250' title='bbox 596 4199 776 4281; x_wconf 81' lang='grc' dir='ltr'><em>Κλέανδρος.</em></span> <span class='ocrx_word' id='word_1_251' title='bbox 792 4248 843 4267; x_wconf 92' lang='grc'><strong>...</strong></span> <span class='ocrx_word' id='word_1_252' title='bbox 868 4199 971 4278; x_wconf 78' lang='grc' dir='ltr'><em>μέλλει</em></span> <span class='ocrx_word' id='word_1_253' title='bbox 994 4197 1079 4274; x_wconf 77' lang='grc' dir='ltr'><em>ἥξειν.</em></span> <span class='ocrx_word' id='word_1_254' title='bbox 1105 4201 1227 4265; x_wconf 85' lang='lat' dir='ltr'><strong>Bovem</strong></span> <span class='ocrx_word' id='word_1_255' title='bbox 1247 4201 1384 4264; x_wconf 80' lang='lat' dir='ltr'><strong>locutam</strong></span> <span class='ocrx_word' id='word_1_256' title='bbox 1409 4219 1479 4265; x_wconf 87' lang='lat' dir='ltr'><strong>esse</strong></span> 
     </span>
     <span class='ocr_line' id='line_1_33' title="bbox 358 4313 1478 4399; baseline 0 -21"><span class='ocrx_word' id='word_1_257' title='bbox 358 4314 469 4378; x_wconf 89' lang='lat' dir='ltr'><strong>multis</strong></span> <span class='ocrx_word' id='word_1_258' title='bbox 498 4314 576 4379; x_wconf 85' lang='lat' dir='ltr'><strong>loois</strong></span> <span class='ocrx_word' id='word_1_259' title='bbox 606 4315 812 4379; x_wconf 86' lang='lat' dir='ltr'><strong>historiarum</strong></span> <span class='ocrx_word' id='word_1_260' title='bbox 844 4316 1015 4399; x_wconf 83' lang='lat' dir='ltr'><strong>scriptores</strong></span> <span class='ocrx_word' id='word_1_261' title='bbox 1044 4314 1183 4398; x_wconf 87' lang='lat' dir='ltr'><strong>tradunt,</strong></span> <span class='ocrx_word' id='word_1_262' title='bbox 1205 4333 1223 4378; x_wconf 92' lang='lat' dir='ltr'><strong>e</strong></span> <span class='ocrx_word' id='word_1_263' title='bbox 1246 4313 1384 4378; x_wconf 89' lang='lat' dir='ltr'><strong>navibus</strong></span> <span class='ocrx_word' id='word_1_264' title='bbox 1408 4313 1478 4378; x_wconf 91' lang='lat' dir='ltr'><strong>sola</strong></span> 
     </span>
    </p>
   </div>
   <div class='ocr_carea' id='block_1_3' title="bbox 0 0 1685 5260">
    <p class='ocr_par' dir='ltr' id='par_1_6' title="bbox 0 0 1685 5260">
     <span class='ocr_line' id='line_1_34' title="bbox 0 0 1685 5260; baseline 0 0"><span class='ocrx_word' id='word_1_265' title='bbox 0 0 1685 5260; x_wconf 95' lang='lat' dir='ltr'><strong> </strong></span> 
     </span>
    </p>
   </div>
  </div>
 </body>
</html>
