3352 5260
755 610 817 672 117

224 797 301 861 dum
334 795 412 880 quid
443 795 619 859 vitandum.
651 794 754 858 Multo
785 795 887 878 magis
916 793 971 857 illo
1001 793 1099 857 lector
1122 793 1261 874 docetur,
1285 812 1350 876 qua

226 910 413 993 disputandi
444 911 568 973 ratione
600 907 744 972 Socrates
776 927 812 973 eo
841 909 1009 992 pervenire
1038 907 1162 989 soleret,
1189 911 1226 970 ut
1247 908 1271 969 ii
1295 907 1352 990 qui

228 1023 290 1087 sibi
322 1025 481 1106 sapientes
513 1022 698 1086 viderentur
729 1022 942 1105 intelligerent
971 1039 1006 1084 se
1038 1021 1119 1084 nihil
1146 1021 1234 1084 scire.
1260 1018 1353 1096 Quod

225 1155 290 1219 quo
322 1135 455 1199 consilio
484 1134 595 1198 fecerit
621 1139 692 1218 post
717 1133 835 1198 multas
859 1134 987 1196 demum
1013 1132 1162 1217 ambages
1186 1134 1351 1217 cognosci-

225 1269 307 1313 mus
344 1248 500 1313 Videmus
542 1249 628 1312 enim
668 1246 908 1328 Euthydemum
945 1265 1023 1311 suae
1057 1247 1120 1312 sibi
1152 1248 1351 1330 ignorantiae

225 1364 391 1426 conscium
425 1363 510 1426 ultro
545 1362 585 1425 ad
619 1361 781 1426 Socratem
817 1362 954 1444 venisse,
990 1380 1085 1445 quem
1118 1364 1211 1425 antea
1240 1360 1353 1444 fugere

226 1475 351 1556 soleret,
373 1477 526 1558 omnique
550 1475 668 1538 omissa
690 1475 869 1557 arrogantia
889 1473 928 1537 ab
948 1493 985 1538 oo
1004 1475 1130 1557 petisse,
1150 1478 1187 1537 ut
1207 1492 1240 1537 sa
1260 1472 1352 1536 doce-

225 1591 290 1667 ret,
316 1586 475 1651 Socratem
500 1592 617 1668 autem,
640 1588 767 1671 cognito
791 1587 942 1650 invenem
966 1586 1185 1652 verecundum
1207 1590 1238 1650 et
1258 1604 1352 1650 verae

227 1701 401 1783 sapientiae
425 1700 578 1783 cupidum
597 1700 717 1763 factum
738 1718 817 1780 esse,
836 1703 903 1763 tam
922 1699 1046 1763 demum
1065 1719 1084 1762 a
1104 1718 1138 1763 se
1156 1700 1352 1782 impetrasse,

226 1819 264 1877 ut
288 1813 318 1876 ei
340 1813 527 1896 simpliciter
549 1818 580 1876 at
602 1814 770 1896 perspicue
790 1813 972 1896 explicaret,
994 1833 1076 1897 quae
1096 1812 1157 1877 sibi
1176 1814 1246 1897 ipse
1265 1813 1354 1877 vide-

226 1932 315 1990 retur
336 1928 425 2008 scire,
447 1946 594 2010 quaeque
613 1929 745 2010 cognitu
766 1927 857 1991 utilia
876 1927 1013 1991 duceret.
1030 1926 1114 1991 Satis
1127 1946 1201 2010 ergo
1215 1925 1352 1990 absurde

226 2045 299 2124 post
330 2045 425 2123 caput
452 2040 629 2104 secundum
655 2045 865 2123 sequerentur
889 2058 925 2103 ea
948 2039 1054 2122 verba,
1077 2059 1159 2124 quac
1182 2042 1217 2103 in
1240 2041 1352 2123 capitis

228 2154 356 2236 septimi
378 2153 471 2217 initio
494 2153 663 2237 leguntur:
688 2149 730 2216 ὅτι
753 2151 809 2230 μὲν
831 2144 878 2216 οὖν
900 2151 1004 2224 danda
1028 2151 1081 2224 τὴν
1103 2151 1208 2215 ἑαυτοῦ
1232 2152 1353 2230 γνώμαν

229 2263 410 2344 ἀπεφαίνετο
433 2263 591 2346 Σωκρατνς
614 2265 682 2340 τοὺς
705 2264 772 2336 τοὺς
796 2263 969 2341 ὁμιλοῦντας
992 2265 1073 2344 αὐτῷ
1097 2264 1175 2328 δοκεῖ
1196 2287 1245 2342 μοι
1265 2265 1351 2338 δῆλον

228 2378 261 2440 ἐκ
284 2380 341 2440 τῶν
364 2375 514 2458 εἰρημένων
538 2371 616 2440 εἶναι.
641 2376 725 2442 Nam
747 2378 888 2462 profecto
908 2397 925 2442 c
942 2379 1045 2462 capite
1066 2377 1207 2442 secundo
1229 2382 1353 2442 contra-

228 2493 312 2555 rium
337 2493 445 2574 potius
469 2510 619 2575 apparere
643 2491 737 2555 dicas.

274 2604 302 2666 6.
327 2602 436 2687 Capite
459 2611 569 2667 octavo
592 2602 667 2666 libri
686 2605 791 2687 quarti
811 2604 941 2668 affertur
960 2605 1048 2687 ratio,
1069 2623 1168 2687 quare
1187 2605 1260 2688 quis
1280 2624 1353 2689 pos·

229 2718 271 2781 sit
300 2723 420 2800 putare,
449 2718 611 2782 Socratem
641 2714 705 2796 τερ)
739 2720 790 2780 τοῦ
822 2715 968 2794 δαιμονίου
1000 2720 1169 2784 mentitum
1201 2737 1279 2800 esse,
1302 2719 1353 2783 his

229 2829 350 2894 verbis:
374 2827 416 2892 ὅτι
441 2867 483 2876 -
506 2829 561 2892 ὑπὸ
583 2832 640 2891 τῶν
662 2828 807 2892 δικαστῶν
827 2828 1013 2905 κατεγνώσθη
1035 2827 1353 2901 carcassonensis

229 2941 420 3007 Schenklius
455 2943 544 3007 aliud
580 2942 658 3027 quid
691 2943 753 3006 hoc
786 2942 856 3005 loco
892 2944 1088 3025 exspectari3
1124 2945 1231 3026 ipsum
1267 2945 1353 3009 onim

231 3054 488 3140 Xenophontem,
512 3058 563 3121 vel
587 3057 733 3140 quemvis
757 3055 877 3119 bonurn
903 3057 1088 3139 scriptorem
1111 3076 1167 3140 pro
1192 3076 1228 3121 eo
1252 3058 1354 3123 dictu-

230 3190 301 3234 rum
326 3169 442 3234 fuisse:
471 3218 486 3251 „
500 3170 585 3253 quod
608 3169 753 3234 Socrates
777 3170 845 3252 (qui
868 3169 1072 3234 contenderet
1094 3169 1127 3233 τὸ
1151 3169 1295 3248 δαιμόνιον
1320 3192 1355 3236 se

231 3303 249 3346 a
267 3283 427 3365 proposito
447 3302 604 3363 revocare,
624 3284 653 3346 si
673 3282 752 3365 quid
772 3287 856 3346 esset
874 3281 959 3346 haud
978 3288 1063 3347 recto
1080 3282 1235 3366 facturus)
1248 3290 1356 3350 tamen

230 3398 275 3458 ita
308 3396 348 3459 ad
381 3395 504 3459 iudices
534 3394 662 3459 locutus
694 3396 744 3477 sit,
775 3400 812 3458 ut
843 3395 954 3478 capitis
986 3395 1282 3479 condemnaretur’',
1305 3399 1356 3462 vel

235 3507 348 3591 „quod
378 3506 522 3571 Socrates
548 3507 671 3571 iudices
694 3512 821 3571 tanturn
845 3526 911 3570 non
934 3509 1081 3590 coegerit,
1103 3527 1234 3592 gravem
1258 3510 1297 3574 de
1321 3530 1356 3575 se

232 3621 423 3684 sententiam
442 3619 554 3702 ferre”,
573 3639 640 3683 non
663 3667 678 3700 „
691 3620 777 3703 qnod
797 3618 1028 3683 condemnatus
1049 3619 1119 3684 sit'’.
1136 3667 1151 3702 „
1162 3619 1235 3684 Hoc
1246 3621 1355 3686 enim’'

232 3734 276 3796 ait
303 3738 361 3813 „et
381 3734 483 3796 invito
507 3732 635 3797 Socrate
656 3731 725 3796 fieri
748 3737 880 3815 poterat,
905 3751 1009 3815 neque
1033 3734 1063 3796 ei
1085 3735 1119 3800 in
1143 3753 1180 3798 aa
1202 3753 1237 3798 re
1262 3736 1354 3819 quid·

233 3865 329 3928 quam
359 3844 392 3907 τὸ
423 3842 566 3921 δαιμόνιον
597 3845 747 3929 prodesse
777 3844 929 3928 poterat”.
961 3844 1062 3910 Nemo
1094 3846 1288 3929 aequalium,
1319 3853 1356 3912 ut

233 3958 353 4040 opinor,
385 3956 545 4022 Socratem
576 3961 642 4021 tam
673 3958 755 4022 male
786 3956 992 4041 intelligebat,
1014 3961 1052 4022 ut
1074 3964 1200 4042 putaret
1222 3962 1356 4044 genium

232 4071 317 4134 mala
346 4069 385 4133 ab
417 4089 454 4134 eo
487 4076 637 4154 avertere,
667 4091 772 4156 neque
803 4072 863 4134 hoc
892 4071 962 4134 loco
991 4071 1030 4134 do
1054 4091 1091 4136 ea
1115 4091 1149 4136 re
1172 4092 1276 4138 sermo
1299 4081 1356 4140 est.

233 4183 373 4267 Scriptor
396 4185 491 4267 enim,
511 4186 579 4249 sive
598 4187 626 4250 is
646 4183 827 4268 Xenophon
849 4189 905 4266 est,
926 4186 1002 4266 sivo,
1015 4184 1100 4267 quod
1113 4185 1356 4269 egoSchenlilio

232 4295 368 4361 libenter
391 4299 555 4381 assentior,
577 4298 784 4383 interpolator
807 4296 950 4382 quidam,
967 4297 1052 4360 idem
1073 4298 1253 4384 significare
1272 4301 1358 4367 vole-
