3348 5262
812 594 877 657 238

282 804 417 851 uxorem
450 788 539 848 tuam
572 779 713 846 educas?
747 779 831 844 Nam
862 797 950 843 nuno
981 777 1110 862 quidem
1140 796 1275 842 uxorem
1305 776 1403 843 habes

181 885 186 893 ⁸
281 900 426 963 omnium
450 899 608 980 quotquot
631 900 707 959 sunt
731 898 762 958 et
784 893 915 958 fuerunt
939 898 970 957 et
993 894 1098 975 etiam,
1121 897 1157 956 ut
1176 893 1297 977 opinor,
1315 891 1403 956 futu-

281 1030 335 1076 rae
366 1016 452 1093 sunt,
483 1006 771 1073 molestissimam.''
803 1005 948 1071 Socrates
975 1005 1160 1090 respondet:
1188 1002 1256 1087 „du
1278 1002 1327 1084 ὁρῶ
1350 1001 1402 1068 cal

281 1124 347 1196 τοὺς
379 1121 513 1194 ἱππικοὺς
544 1119 738 1199 βουλομένους
762 1117 894 1198 γενέσθοκ
917 1119 948 1183 ού
972 1117 1039 1189 τοὺς
1060 1115 1297 1190 εὐπειθεστάτους
1319 1116 1404 1181 aaa

281 1236 348 1309 τοὺς
380 1236 537 1314 θυμοειδεῖς
567 1231 673 1306 ἵππους
703 1231 900 1312 κτωμένους.”
923 1232 1022 1298 Recte
1044 1231 1255 1313 superlativus
1276 1232 1402 1296 εὐπειθε-

283 1349 408 1422 ττύτους
438 1350 608 1414 articulum
633 1348 744 1429 habet3
769 1348 995 1432 opponendum
1019 1352 1067 1411 est
1090 1355 1147 1411 aut
1167 1344 1233 1417 τοὺς
1258 1345 1402 1423 θυμοειδε-

283 1462 418 1536 ττύτους,
443 1469 499 1528 aut
520 1464 564 1547 (id
587 1463 674 1547 quod
696 1461 945 1545 Xenophontem
964 1461 1089 1525 dedisse
1110 1461 1232 1544 opinor)
1245 1458 1403 1537 θυμοειδεῖς

284 1581 353 1644 sine
377 1578 518 1642 muculo.

328 1690 370 1767 Π,
402 1691 451 1754 14.
475 1689 524 1762 Nl
548 1689 611 1762 Δί’,
635 1686 693 1769 ἔφη
722 1687 755 1774 (θ
781 1687 959 1775 Φίλιππος),
984 1687 1034 1753 κού
1057 1689 1117 1766 μὴν
1139 1688 1235 1767 ε’γῶγε
1256 1686 1344 1762 ἡδέως
1370 1685 1406 1774 διν

284 1801 395 1884 θεῲμκν
430 1801 601 1883 Πεθσοινδρον
637 1803 685 1868 τὸν
718 1799 879 1882 δημηγόρον
912 1799 1098 1880 μοινθύνοντοο
1120 1802 1266 1879 κυβιστῶν
1288 1802 1328 1874 εἱς
1350 1799 1407 1872 τοὶς

285 1915 452 1997 μοιχοιθροις,
483 1913 513 1988 ὃς
545 1919 594 1979 νῦν
623 1914 672 1979 διθι
693 1915 726 1980 τὸ
750 1913 794 1992 μὴ
817 1913 953 1978 δύνκσθκι
978 1914 1108 1993 λύμχοιις
1130 1905 1318 1992 οὶντιβλέπειν
1342 1913 1406 1978 οὐδὲ

284 2026 527 2109 συστροιπεύεσθοιι
557 2026 654 2092 ε’θέλει.
685 2027 802 2112 Magna
832 2048 904 2112 pars
927 2030 990 2092 ioci
1012 2029 1184 2093 admodum
1207 2028 1303 2112 lepidi
1325 2029 1408 2112 perit

284 2145 392 2228 inepta
425 2145 487 2208 ista
519 2143 690 2228 magistelli
720 2142 889 2207 cuiusdam
921 2145 1125 2208 annotatione
1155 2143 1203 2208 τὸν
1233 2139 1404 2221 δημηγόρον.

286 2256 386 2321 Credo
417 2258 502 2322 enim
533 2255 716 2340 Philippum
747 2260 910 2339 tamqnam
934 2256 973 2320 de
995 2256 1124 2320 homine
1146 2255 1268 2319 nemini
1291 2273 1407 2338 aequa·

285 2371 365 2434 lium
388 2373 497 2455 ignoto
520 2370 665 2434 locutum
688 2388 766 2434 esse.

330 2483 373 2566 II,
398 2484 449 2547 17.
473 2483 537 2548 Ubi
560 2482 703 2547 Socrates
727 2502 762 2547 se
784 2503 802 2546 a
826 2481 992 2564 Syracosio
1016 2482 1153 2546 saltandi
1172 2487 1272 2546 artem
1285 2481 1405 2546 discere

287 2597 369 2660 velle
393 2595 559 2681 significat,
582 2597 615 2659 in
639 2597 740 2661 risum
765 2615 875 2660 omnes
899 2600 1080 2681 erumpunt.
1104 2595 1185 2660 Turn
1207 2595 1278 2660 ille:
1300 2596 1406 2679 „quid

287 2709 417 2774 ridetis'’
441 2715 532 2793 rogat
559 2705 699 2791 7,πθτεοον
722 2706 772 2771 ἐπὶ
796 2705 888 2787 τούτῳ
907 2707 930 2772 εἰ
950 2705 1097 2785 βούλομκι
1111 2755 1118 2771 .
1132 2754 1140 2771 .
1153 2755 1182 2770 ..
1204 2705 1221 2781 ἢ
1241 2707 1264 2771 εἰ
1275 2705 1406 2771 τοιούτων

287 2821 457 2900 μυμνοισθων
492 2821 631 2899 ἐπιθυμῶ,
668 2820 711 2898 μὴ
747 2818 839 2900 ῶσπερ
874 2821 898 2884 οἱ
930 2817 1129 2901 δολιχοδρόμοι
1160 2819 1201 2884 τθι
1230 2819 1319 2894 σκέλη
1351 2820 1406 2897 μὲν

288 2932 481 3014 πκχύνοντκι,
516 2933 582 3006 τοὺς
616 2935 712 3011 ῶμους
743 2933 774 2997 δὲ
804 2930 1004 3006 λεπτύνοντκι,
1027 2932 1104 3011 μηδὲ
1135 2931 1227 3014 ῶσπερ
1251 2933 1274 2997 οἱ
1297 2931 1407 2996 πύκτοιι

288 3046 354 3118 τοὺς
377 3046 432 3124 μὲν
455 3045 550 3124 ὤμους
574 3045 767 3127 ποιχύνοντοιι,
793 3044 833 3110 τύι
852 3046 883 3110 δὲ
902 3045 991 3120 σκέλη
1012 3045 1212 3119 λεπτύνοντοιι,
1225 3045 1308 3110 οὶλλθι
1318 3044 1407 3109 ποιντδ

289 3159 429 3223 δικπονῶν
452 3161 491 3240 τῷ
515 3159 632 3237 σύμκτι
652 3162 712 3223 πῶν
731 3157 871 3240 ἰσόρροπον
890 3159 1012 3223 ποιεῖν.”
1025 3160 1109 3225 Male
1120 3161 1203 3224 hano
1215 3162 1404 3224 sententiam
1425 3163 1427 3170 ’

292 3273 458 3338 cohaerere
490 3272 670 3338 infinitivus
705 3278 794 3338 ποιεῖν
831 3274 985 3338 declarat:
1015 3274 1096 3337 nihil
1126 3276 1212 3339 enim
1241 3274 1408 3358 praeeedit,

292 3404 356 3469 quo
378 3386 432 3449 ille
450 3386 620 3466 reseratum
642 3393 806 3471 exspectes
826 3389 951 3472 potius:
969 3385 1099 3452 τοιούτων
1110 3384 1264 3465 μυμοισίων
1276 3385 1408 3463 ἐπιθυμῶ

291 3496 357 3564 ἵκοι.
373 3547 380 3563 .
394 3546 423 3564 ..
459 3503 537 3564 ποιῶ.
573 3499 636 3566 Sed
669 3501 750 3566 illud
783 3503 889 3585 ipsum
918 3499 1049 3564 τοιούτων
1078 3499 1248 3579 μυμνοισθων
1278 3501 1407 3577 ἐπιθυμῶ

291 3612 466 3678 absurdum
501 3619 562 3678 est:
598 3633 664 3678 non
694 3615 779 3678 enim
809 3617 912 3699 ipsius
943 3616 1179 3679 exercitationis
1202 3615 1339 3698 cupidus
1362 3618 1409 3678 est

292 3726 446 3810 Socrates,
478 3728 533 3793 sed
565 3728 667 3793 bonae
693 3728 894 3811 valetudinis,
916 3728 1106 3812 robustique
1128 3730 1269 3812 corporis
1292 3732 1409 3792 cetera·

291 3860 428 3925 rumque
450 3861 565 3919 rerum,
587 3863 666 3926 quas
686 3843 869 3907 exercitatio
891 3842 988 3906 affert.
1001 3841 1179 3907 Lenissima
1190 3843 1410 3907 emendatione

293 3958 493 4039 sententiam,
524 3976 607 4040 qnae
637 3958 739 4040 primo
770 3963 901 4041 aspectu
933 3957 1085 4021 lacunosa
1107 3957 1158 4021 vel
1180 3958 1319 4040 graviter
1342 3976 1411 4020 cor·

293 4074 387 4152 rupta
418 4069 518 4133 videri
547 4071 656 4153 possit,
680 4089 730 4134 me
760 4072 793 4133 in
818 4073 976 4155 integrum
1003 4071 1169 4134 restituere
1191 4089 1285 4154 posse
1308 4070 1409 4134 oredo.

293 4179 479 4264 Legendum
502 4184 587 4247 enim
611 4202 725 4248 censeo
748 4181 881 4254 τοιούτοις
904 4181 1076 4261 γυμνασίοις
1099 4202 1156 4266 pro
1178 4181 1308 4246 τοιούτων
1327 4205 1409 4259 γυμ-

294 4291 408 4356 νοισθων.
439 4294 489 4358 Ita
519 4294 698 4361 infinitivus
728 4301 817 4359 ποιεῖν
839 4302 924 4361 reete
947 4317 1022 4361 cum
1045 4295 1172 4373 ἐπιθυμῶ
1196 4297 1326 4361 iunctus
1349 4298 1409 4360 erit
