3352 5260
874 613 914 676 96

329 801 411 864 tium
446 797 679 864 imminebunt!
714 797 878 863 Facillime
913 803 1019 875 tamen
1054 799 1140 881 ordo,
1174 818 1238 883 quo
1268 798 1452 884 Xenophon

333 913 469 996 scripsit,
500 914 626 977 restitui
652 916 771 996 potest:
796 913 1017 977 tantummodo
1040 933 1106 978 una
1129 914 1285 978 sententia
1309 917 1456 997 transpo-

331 1026 439 1090 nenda
473 1031 530 1106 est,
565 1045 646 1110 quae
677 1045 717 1090 ex
750 1025 856 1092 verbis
886 1024 1028 1106 θευμθζω
1054 1063 1094 1074 -
1119 1025 1229 1106 χωρίων
1252 1032 1393 1105 constat3
1418 1046 1456 1090 ea

333 1141 417 1202 enim
441 1144 515 1222 post
538 1139 617 1202 duas
641 1140 823 1219 sententias,
847 1158 929 1224 quac
952 1159 971 1202 a
991 1141 1052 1210 πῶς
1072 1141 1240 1223 incipiunt,
1260 1140 1337 1203 olim
1357 1159 1455 1204 suurn

332 1252 438 1316 locum
469 1251 612 1318 babebat.
645 1250 716 1327 Quo
746 1254 774 1317 si
798 1271 867 1316 earn
893 1253 1126 1329 reduxerimus,
1149 1254 1276 1336 egregie
1302 1253 1456 1336 disposita

333 1372 428 1430 erunt
457 1364 682 1449 Xenophontis
713 1371 917 1450 argumenta:
942 1367 1080 1451 primum
1107 1366 1190 1430 enim
1215 1366 1458 1449 demonstrabit,

333 1497 445 1543 verum
471 1497 540 1542 csse
564 1479 649 1562 quod
673 1478 798 1560 dixerit,
821 1477 944 1542 nullam
968 1497 1038 1542 esse
1061 1478 1173 1543 salutis
1195 1497 1283 1562 spem
1304 1480 1366 1544 nisi
1385 1480 1457 1542 vin-

334 1596 407 1655 cant
436 1591 563 1672 milites,
596 1591 747 1672 docendo,
770 1593 799 1656 si
825 1593 886 1656 isto
911 1592 994 1656 saltu
1018 1592 1159 1656 deterriti
1183 1612 1202 1656 a
1225 1592 1456 1676 persequendis

334 1704 480 1768 hostibus
511 1704 697 1786 destiterint,
720 1704 787 1768 fore
810 1710 848 1768 ut
871 1706 983 1768 autin
1007 1723 1118 1788 campo
1142 1704 1180 1767 ab
1205 1723 1317 1768 eorum
1340 1706 1457 1788 equiti-

335 1818 406 1900 buS,
429 1825 485 1881 aut
508 1819 542 1880 in
565 1816 728 1881 montibus
748 1837 766 1880 a
785 1817 889 1900 pedite
908 1817 1101 1880 occidantur.
1113 1815 1194 1880 Tum
1206 1835 1318 1880 eorrrm
1331 1819 1456 1881 animos

334 1931 465 2016 augebit
495 1933 527 1994 in
557 1931 742 1995 memoriam
766 1949 919 1994 revocans
942 1933 1062 1994 maiora
1084 1930 1234 2013 pericula,
1258 1949 1341 2014 quae
1364 1935 1457 1994 antea

335 2049 544 2128 superarunt3
581 2049 739 2128 postremo
774 2045 1030 2107 commemoratis
1058 2043 1248 2126 periculosis
1277 2043 1457 2124 itineribus,

336 2177 418 2242 quae
446 2160 510 2221 iam
541 2157 755 2237 confecerunt,
777 2158 940 2240 aptissime
963 2158 1080 2221 milites
1103 2156 1288 2221 admonebit
1310 2159 1456 2221 omnium

336 2271 513 2335 difficillimi
537 2272 670 2348 itineris,
693 2271 789 2354 quod,
814 2272 841 2334 si
864 2270 945 2335 salvi
963 2272 996 2333 in
1017 2276 1121 2334 castra
1132 2271 1291 2352 redierint,
1305 2270 1455 2336 restabit:

336 2393 404 2450 tum
436 2387 520 2449 enim
551 2404 616 2449 non
644 2385 746 2448 saltus
769 2384 886 2468 aliquis
910 2384 1122 2468 superandus,
1146 2385 1202 2448 sed
1224 2384 1348 2448 Pontus
1371 2385 1458 2448 traii-

337 2498 470 2563 cieudus
494 2500 560 2562 erit.

380 2611 420 2693 V,
445 2612 495 2676 30.
522 2611 675 2676 Hostium
698 2613 798 2696 copiis
822 2612 950 2696 sagetia,
974 2612 1086 2677 Graeci
1110 2612 1309 2676 Pharnabazi
1333 2615 1456 2697 equites

336 2726 430 2790 etiam
461 2745 527 2789 nno
558 2725 627 2788 loco
657 2727 831 2789 consistere
858 2725 977 2807 vident,
1000 2724 1225 2809 dispersosque
1248 2724 1455 2789 barbarorum

336 2841 460 2924 equites
487 2840 526 2903 ad
549 2839 621 2904 illos
644 2838 799 2923 refugere,
822 2844 854 2903 et
876 2859 1073 2923 quamquam
1096 2841 1159 2902 iam
1183 2844 1259 2902 sunt
1283 2840 1457 2923 pugnando

337 2952 506 3036 defatigati,
539 2957 646 3016 tamen
678 2953 765 3015 etin
789 2951 861 3016 illos
884 2951 1166 3034 impetumfacere
1191 2952 1367 3015 decernunt
1394 2949 1457 3033 ,dr

335 3065 378 3144 ui
403 3065 603 3146 τεθαρρηκότες
626 3063 883 3130 ἅνθπριύσριιντο.”
902 3065 991 3132 Haeo
1010 3065 1166 3130 vocabula
1186 3067 1265 3149 quid
1284 3065 1346 3130 sibi
1358 3067 1459 3130 velint

337 3199 389 3243 me
410 3182 557 3264 ignorare
575 3179 690 3244 fateor:
713 3200 806 3245 nemo
827 3181 913 3243 enim
933 3181 1073 3263 primum
1085 3181 1209 3244 animos
1222 3182 1330 3263 sumit,
1343 3181 1458 3246 deinde

339 3312 373 3357 se
404 3293 457 3356 dat
487 3295 596 3377 quieti,
619 3294 675 3358 sed
698 3313 740 3358 ex
764 3313 810 3375 eo,
834 3293 920 3377 quod
943 3294 1060 3376 aliquis
1085 3295 1192 3377 quiete
1217 3298 1266 3358 est
1287 3300 1458 3376 recreatur,

339 3409 466 3471 animus
502 3408 531 3471 ei
566 3409 654 3471 nasci
684 3409 773 3491 solet,
796 3408 893 3491 idque
922 3409 1028 3492 ipsum
1054 3426 1094 3473 ne
1117 3407 1263 3472 hostibus
1286 3409 1459 3492 contingat,

340 3522 447 3584 statim
475 3540 529 3585 ees
551 3522 781 3605 aggrediuntur
805 3521 925 3586 Graeci.
952 3520 1037 3597 Quid
1058 3522 1230 3605 legendum
1255 3523 1297 3586 sit
1319 3527 1459 3586 statuere

339 3655 403 3698 non
429 3655 568 3719 possum,
593 3636 648 3700 sed
670 3637 730 3699 hoc
752 3636 854 3718 video,
877 3655 942 3699 non
965 3654 1059 3719 posse
1079 3655 1148 3700 eam
1169 3635 1345 3715 lectionem,
1360 3656 1457 3720 quam

339 3749 408 3832 ipsa
442 3751 488 3812 rei
521 3753 636 3812 natura
669 3748 799 3832 flagitet,
829 3749 954 3812 restitui
984 3749 1047 3812 nisi
1070 3747 1167 3812 verbo
1191 3748 1297 3828 θαρρεῖν
1321 3749 1458 3813 addatur

339 3863 529 3944 praepositio
559 3859 634 3925 θνθε
658 3863 718 3925 hoc
741 3863 826 3925 enim
851 3860 963 3926 Graeci
986 3866 1135 3926 metuunt
1160 3860 1203 3937 al
1227 3859 1461 3940 θεειθειρρθσωσιν

340 3973 365 4037 οἱ
387 3972 528 4051 πολέμιοι.

385 4086 441 4168 VI,
465 4089 515 4150 28.
539 4087 631 4151 Miles
656 4087 797 4171 quidam,
820 4089 877 4171 qui
899 4108 918 4152 a
940 4086 1088 4171 Dexippo
1112 4088 1152 4151 ad
1176 4086 1367 4152 Cleandrum
1388 4088 1461 4151 bar-

342 4203 476 4262 mostam
500 4199 656 4264 abductus
679 4200 792 4283 fuerat,
816 4209 852 4265 ut
874 4220 994 4285 poenas
1014 4201 1111 4282 daret,
1130 4201 1169 4264 ab
1189 4201 1309 4284 Agasia
1320 4202 1354 4262 in
1367 4200 1462 4264 liber-

342 4317 439 4378 tatem
472 4313 662 4397 vindicatus,
692 4333 726 4378 se
755 4315 891 4378 iniuriae
921 4312 1060 4397 Dexippi
1083 4314 1238 4378 restitisse
1261 4317 1378 4396 narrat,
1402 4313 1460 4396 qui
