3348 5262
733 638 796 700 225

203 818 352 894 ἁπάντων,
382 818 449 884 καὶ
473 818 529 884 ἔτι
552 819 750 899 ἀγένειος,
774 818 915 886 ἔπειτα
939 821 1118 901 νεώτερος
1140 823 1254 898 πολύ,
1279 824 1324 898 ὥς

203 941 324 1016 oneo
348 933 528 1016 “anneo-

247 1049 337 1114 Plato
360 1069 435 1132 ergo
459 1049 558 1130 docet,
582 1051 795 1113 narrationem
819 1049 859 1113 de
881 1050 1007 1115 Achille
1026 1050 1164 1115 Patrocli
1185 1058 1324 1117 amatore

202 1165 404 1247 impudenter
436 1163 541 1228 fictam
578 1183 647 1228 esse
678 1185 697 1228 a
726 1167 864 1248 tragioiS,
896 1167 953 1248 qui
982 1185 1023 1230 ne
1045 1185 1097 1230 res
1120 1166 1159 1230 ab
1182 1166 1323 1232 Homero

203 1278 332 1361 quidem
366 1278 498 1342 traditas
534 1296 736 1361 corrumpere
770 1284 802 1342 et
830 1279 865 1340 in
898 1297 994 1342 suum
1019 1299 1115 1343 usum
1140 1286 1324 1345 convertere

201 1392 350 1476 religioni
379 1390 559 1472 habuerint,
582 1391 832 1474 indignaturque
860 1391 946 1474 quod
971 1393 1155 1456 etiamnunc
1178 1394 1323 1458 homines

202 1507 409 1570 inveniantur
438 1510 502 1569 tam
533 1505 653 1569 indocti
682 1510 813 1589 tamque
844 1506 953 1588 inepti,
977 1507 1034 1588 qui
1055 1508 1238 1571 istiusmodi
1259 1513 1323 1572 tra·

202 1622 346 1705 gicorum
378 1620 551 1684 mendaciis
584 1620 760 1704 quidquam
791 1618 942 1683 tribuant.
972 1619 1080 1704 Ipsam
1104 1621 1190 1685 enim
1215 1640 1324 1684 rerum

202 1739 349 1798 naturam
378 1732 503 1797 obstare
526 1732 729 1814 domonstrat,
753 1734 927 1815 quominus
951 1732 1117 1796 credamus
1140 1732 1323 1797 Patroclum

201 1848 303 1912 fuisso
325 1825 460 1910 Achillis
483 1847 658 1910 amasium:
683 1844 857 1910 imberbem
882 1847 968 1910 enim
987 1847 1082 1910 etiam
1099 1846 1323 1911 fuisseAchil-

202 1964 275 2044 lem,
308 1962 474 2045 multoque
510 1980 606 2044 quam
636 1959 818 2024 Patroclum
851 1960 1004 2023 minorem
1028 1965 1115 2023 natu.
1140 1960 1322 2044 Xenophon

168 2059 170 2061 ¹
203 2094 280 2140 vero
304 2095 396 2139 suam
421 2075 490 2158 ipse
516 2074 728 2158 ignorantiam
750 2073 873 2156 prodit:
897 2078 1027 2157 apparet
1044 2063 1130 2137 enim
1150 2074 1179 2137 ei
1191 2094 1322 2157 prorsus

203 2190 348 2273 ignotum
384 2206 453 2250 esse
481 2187 708 2269 gravissimum
738 2185 820 2249 illud
852 2190 882 2249 et
904 2187 1060 2250 invictum
1085 2192 1321 2270 argumentum,

203 2303 289 2386 quod
323 2301 431 2365 attulit
464 2299 563 2364 Plato.
595 2298 679 2383 Ergo
711 2305 875 2384 tamquam
898 2302 926 2364 si
949 2299 1095 2364 Patroclo
1120 2307 1200 2365 natu
1223 2303 1324 2366 maior

203 2414 316 2479 fuisset
338 2413 488 2489 Achillea,
511 2413 647 2495 ideoque
669 2412 808 2476 Patrocli
828 2418 951 2477 amator
968 2414 1323 2497 essepotubsei,revera

203 2534 307 2593 tamen
340 2547 405 2591 non
437 2527 537 2591 fuisse
564 2545 581 2591 e
604 2525 701 2590 rebus
724 2525 763 2590 ab
785 2527 910 2590 Achille
932 2532 1004 2611 post
1026 2527 1163 2592 Patrocli
1187 2534 1321 2594 mortem

202 2645 301 2728 gestis
326 2643 542 2706 demonstrare
565 2641 678 2706 studet.
699 2639 778 2716 Quis
797 2646 904 2705 autem
924 2661 1070 2725 unquam
1086 2647 1149 2706 tam
1165 2644 1321 2708 ridiculus

201 2756 272 2839 fuit,
295 2761 332 2819 ut
354 2774 479 2839 operam
502 2754 647 2838 perderet
670 2756 867 2838 argumentis
891 2755 1067 2838 afferendis,
1089 2776 1189 2839 quare
1209 2757 1322 2836 impio

203 2867 300 2933 babile
329 2872 411 2932 esset
442 2887 549 2932 veram
581 2887 651 2932 esse
680 2886 750 2931 eam
773 2887 849 2950 rem,
874 2887 971 2950 quam
993 2869 1059 2932 iam
1082 2870 1164 2933 aliua
1190 2871 1319 2952 quidam

202 2982 326 3067 hquido
363 2982 618 3063 demonstrasset,
652 2985 778 3064 propter
808 2999 915 3044 rerum
946 2985 1095 3045 naturam
1118 3001 1226 3046 veram
1252 3003 1323 3049 esse
1417 2989 1419 2994 ’

202 3116 268 3161 nora
295 3115 392 3178 posse,
423 3096 607 3179 praesertim
639 3115 740 3180 quum
763 3095 852 3159 illius
873 3095 992 3159 librum
1017 3095 1168 3160 manibus
1192 3101 1320 3182 teneret,

201 3212 359 3294 illumque
382 3210 518 3274 refutare
541 3214 573 3274 et
594 3210 784 3292 redarguere
808 3210 1002 3272 conaretur?

246 3325 302 3388 VI.
326 3323 483 3389 Ultimum
510 3335 600 3408 ponc
616 3323 698 3386 illud
722 3327 956 3406 argumentum,
981 3324 1066 3406 quod
1090 3327 1210 3390 nemini
1233 3328 1323 3411 igno·

203 3444 274 3505 tum
304 3458 373 3504 esse
402 3440 511 3523 possit,
536 3437 686 3523 quodque
718 3436 867 3500 omnibus
887 3453 991 3521 aeque
1013 3459 1110 3522 grave
1134 3446 1164 3505 et
1190 3443 1322 3506 maximi

204 3555 357 3618 momenti
386 3554 489 3618 videri
520 3551 639 3616 debeat.
672 3549 844 3634 Postquam
874 3552 959 3636 apud
982 3551 1148 3618 Platonem
1173 3556 1324 3619 dixerunt

203 3687 314 3732 omnes
348 3669 509 3749 convivae,
543 3665 726 3729 Alcibiades
759 3664 877 3729 Bacchi
907 3667 1023 3750 plenus
1053 3669 1160 3750 intrat,
1184 3687 1318 3752 eamque

203 3775 349 3863 Socratis,
384 3781 460 3844 dum
495 3799 568 3844 eum
603 3798 676 3842 oum
711 3777 841 3860 Marsya
875 3778 988 3860 Satyro
1022 3785 1192 3864 comparat,
1227 3780 1321 3846 habet

202 3894 428 3976 laudationem,
469 3912 550 3976 quae
592 3896 623 3956 et
656 3891 777 3956 Socrati
811 3897 841 3956 et
876 3891 1002 3955 Platoni
1038 3898 1165 3957 aeterno
1200 3895 1241 3959 ait
1273 3895 1322 3959 fu-

204 4013 278 4071 tura
309 4008 431 4071 honori.
465 4006 554 4070 Nihil
587 4007 672 4069 enim
706 4009 814 4089 postea
848 4007 1002 4088 seriptum
1035 4011 1092 4089 est,
1127 4008 1213 4090 quod
1247 4027 1322 4072 oum

201 4121 257 4185 illa
290 4122 467 4204 comparari
501 4121 608 4204 possit.
646 4117 725 4194 Quis
760 4124 865 4182 autem
899 4118 1041 4184 Platonis
1078 4122 1220 4204 aequalis
1254 4127 1320 4187 tam

200 4237 330 4318 ineptus
361 4254 430 4300 esse
460 4235 573 4319 potuit,
597 4239 633 4297 nt
660 4231 716 4296 illo
737 4231 918 4296 laudatione
939 4231 1017 4297 lecto
1040 4233 1146 4298 denuo
1170 4235 1320 4320 aliquem,

201 4367 341 4432 eumque
370 4349 516 4432 ignotum
546 4347 717 4429 hominem,
747 4346 913 4410 induceret
942 4346 977 4410 ia
1001 4346 1136 4412 concivio
1159 4347 1320 4416 Socratem

1190 4458 1224 4510 15
