3352 5260
828 585 890 656 142

338 776 400 842 Sed
423 779 531 862 inepto
555 795 702 842 sermone
725 777 826 840 multo
845 778 940 842 etiam
958 777 1100 860 ineptius
1119 779 1345 860 argumentum
1356 781 1416 840 est.

296 888 375 966 Quis
399 892 494 972 enim,
517 889 556 954 de
579 888 717 954 Socratis
739 889 826 973 apud
847 897 991 973 posteros
1014 888 1100 953 fama
1122 889 1286 971 sollicitus,
1309 890 1339 954 ei
1361 890 1416 952 tri-

293 1002 394 1068 buere
416 1023 479 1067 non
503 1007 652 1067 vereatur
673 1002 856 1066 istiusmodi
879 1003 1109 1086 captiunculas
1133 1000 1251 1085 quibus
1273 1002 1325 1064 hic
1343 1001 1417 1064 Ari·

296 1118 419 1201 stippus
442 1115 598 1180 refutatur
621 1116 767 1180 scilicet?
787 1115 841 1179 An
860 1121 927 1179 tam
947 1134 1058 1200 parum
1080 1114 1240 1185 urbanum
1252 1113 1416 1179 Socratem

274 1215 394 1293 ¹fuisse
424 1248 620 1311 censeamus,
651 1233 688 1293 ut
716 1229 861 1293 homines
891 1227 983 1292 furca
1010 1229 1118 1312 potius
1142 1249 1161 1292 a
1184 1247 1218 1292 se
1241 1227 1418 1312 repelleret,

297 1361 393 1426 quam
418 1341 641 1426 disputationis
666 1342 822 1405 suavitate
846 1340 885 1404 ad
906 1359 941 1404 se
959 1340 1121 1404 alliceret?
1139 1339 1310 1404 Rusticum
1330 1339 1417 1403 enim

296 1455 436 1538 aliquem
466 1456 529 1520 ista
559 1451 618 1517 οὔτ’
651 1446 719 1517 olda
749 1450 814 1517 odra
837 1451 940 1529 δέομαι
964 1453 1085 1518 decent.
1109 1453 1151 1518 Et
1175 1455 1248 1538 quis
1274 1472 1418 1537 unquam

297 1567 435 1633 Socratis
467 1569 644 1651 discipulus
673 1574 738 1632 tam
760 1568 888 1652 ineptus
913 1586 983 1632 esse
1005 1569 1118 1652 potuit,
1141 1573 1178 1632 ut
1200 1570 1270 1632 eius
1294 1569 1420 1653 sapien·

297 1683 373 1746 tiam
408 1682 459 1746 his
490 1681 596 1746 verbis
629 1681 867 1745 commendaret
888 1680 1113 1764 laudaretque:
1137 1679 1217 1752 stata
1241 1675 1293 1753 dre,
1317 1677 1368 1744 ἐάν
1391 1702 1421 1742 rr

297 1795 406 1874 ἐνοχλῆ
431 1794 523 1871 ἡμᾶς,
548 1792 672 1870 δεόμεθα
690 1796 741 1858 τοῦ
761 1792 947 1865 reticescas?
966 1792 1112 1858 Profecto
1132 1793 1172 1858 ad
1191 1794 1349 1859 eiusmodi
1367 1813 1419 1858 res

298 1908 534 1993 cognoscendas
553 1908 816 1992 philosophorum
836 1908 980 1990 principe
1001 1925 1082 1990 opus
1103 1907 1187 1970 erat!
1200 1905 1333 1971 Minime
1345 1925 1420 1971 vero

298 2022 358 2086 hoc
381 2022 457 2087 ferri
478 2027 592 2106 potest,
615 2022 702 2106 quod
722 2026 809 2086 totus
828 2013 918 2086 hicce
937 2021 976 2086 de
993 2021 1158 2105 Aristippo
1177 2021 1267 2085 locus
1288 2021 1422 2086 adversa

298 2135 402 2199 fronte
433 2141 554 2219 pugnat
582 2154 656 2198 cum
688 2154 725 2199 eo
748 2136 859 2218 capite,
882 2134 922 2198 ad
946 2134 1033 2218 quod
1056 2134 1142 2198 haud
1165 2133 1261 2199 dubie
1282 2134 1421 2200 referen-

258 2333 262 2337 .
300 2249 362 2314 dus
393 2255 448 2314 est.
471 2248 560 2312 Nihil
583 2251 667 2314 enim
692 2247 731 2312 ab
759 2247 937 2329 „elencho”
961 2253 1025 2312 tarn
1048 2248 1111 2312 fuit
1131 2253 1299 2331 remotum,
1323 2268 1421 2332 quam

299 2364 440 2448 lepidum
475 2363 557 2427 illud
591 2382 663 2427 cum
695 2363 859 2446 Aristippo
889 2362 1096 2446 colloquium,
1129 2362 1216 2446 quod
1238 2361 1273 2426 Ia
1295 2361 1329 2426 Π
1350 2364 1419 2425 cl

300 2477 434 2561 legitur:
464 2476 510 2540 ibi
540 2453 625 2541 ohim
656 2495 722 2540 non
753 2475 856 2556 opimio
885 2476 1042 2560 Aristippi
1075 2474 1292 2540 valderamo
1314 2476 1423 2560 aliqua

300 2591 465 2673 refellitur,
495 2589 672 2674 falsamque
702 2609 772 2654 eam
802 2609 872 2654 esse
904 2589 1150 2671 demonstratur,
1179 2590 1235 2655 sed
1258 2590 1327 2674 ipse
1349 2589 1423 2652 Ari-

301 2705 427 2788 stippus
450 2703 490 2767 ad
513 2704 611 2766 vitam
636 2702 774 2768 sobriam
792 2703 1014 2787 frugalemque
1034 2703 1170 2767 ducitur.
1182 2701 1374 2787 lepideque,
1386 2708 1418 2766 et

301 2821 339 2880 ut
367 2815 526 2880 urbanum
549 2817 711 2880 hominem
737 2816 834 2897 decet,
857 2817 1042 2900 Aristippus
1066 2814 1205 2880 Socratis
1228 2816 1423 2899 quaestioni-

301 2928 364 2993 bus
385 2930 563 3014 respondet.
588 2927 667 3004 Quis
690 2929 771 2993 illud
794 2934 889 3013 caput
907 2929 1017 3013 legens
1039 2929 1239 3013 Aristippum
1261 2934 1424 3014 exspectet

302 3047 411 3127 postea
441 3043 630 3124 rediturum,
658 3047 696 3106 ut
727 3044 833 3106 nescio
866 3063 930 3126 qua
953 3043 1123 3126 sophistica
1145 3043 1269 3107 fallacia
1292 3043 1424 3108 audien-

303 3159 384 3221 tium
415 3157 454 3221 de
484 3156 613 3222 Socrate
644 3156 815 3220 cachinnos
846 3157 995 3221 moveat?
1026 3156 1068 3220 ut
1098 3176 1182 3241 quae
1212 3158 1340 3222 tandem
1368 3158 1425 3222 illa

302 3270 427 3335 fallacia
470 3276 526 3353 est,
570 3291 634 3354 qua
671 3289 712 3335 ne
745 3270 930 3356 Aristippus
965 3275 1075 3335 utatur
1108 3276 1238 3336 veretur
1271 3269 1427 3353 Socrates,

305 3403 468 3469 quamque
497 3388 661 3467 tantopere
690 3383 849 3467 improbat
878 3382 1085 3468 Xenophon?
1119 3381 1158 3466 ,d
1186 3383 1242 3461 μὲν
1272 3381 1351 3465 ydp''
1381 3383 1426 3448 ait

303 3499 485 3584 Xenophon
516 3496 631 3579 „adada
654 3494 734 3576 ἤρετο
758 3493 784 3559 εἴ
804 3520 832 3560 rt
855 3496 937 3570 εἰδείη
962 3495 1083 3574 ἀγαθόν,
1107 3492 1154 3560 ἵνα
1177 3493 1204 3560 εἴ
1223 3519 1252 3560 τι
1275 3493 1346 3561 εἴποι
1370 3499 1426 3559 τῶν

305 3609 446 3685 τοιούτων,
470 3605 522 3676 οἷον
546 3608 562 3684 ἢ
587 3609 673 3674 σιτίον
696 3607 712 3682 ἢ
737 3610 823 3675 ποτὸν
847 3607 863 3683 ἢ
888 3609 1037 3690 χρήματα
1061 3607 1077 3683 ἢ
1104 3609 1223 3688 ὑγίειαν,
1248 3607 1264 3683 ἢ
1288 3609 1385 3691 ῥώμην
1408 3607 1425 3683 ἢ

305 3725 433 3802 τόλμαν,
462 3723 579 3789 δεικνύοι
611 3723 646 3795 δὴ
676 3727 761 3788 τοῦτο
787 3723 876 3788 κακὸν
899 3723 986 3788 ἐνίοτε
1007 3721 1069 3788 ὄν.”
1092 3725 1137 3788 At
1160 3744 1290 3810 prorsus
1313 3724 1422 3789 eodem

306 3839 362 3903 illo
386 3839 480 3902 modo
502 3839 610 3921 ipsum
630 3836 790 3901 Socratem
810 3838 1024 3922 disputantem
1044 3839 1112 3923 ipse
1132 3836 1313 3922 Xenophon
1331 3837 1426 3901 iudu-

307 3954 350 4017 eit
373 3953 499 4036 egregio
522 3952 590 4015 loco
614 3950 670 4033 IV,
695 3953 724 4032 2,
749 3951 789 4014 31
815 3971 884 4035 sqq.

351 4065 370 4146 ἕ
394 4065 490 4127 4-7.
513 4064 587 4128 Non
609 4083 690 4147 nego
714 4064 795 4127 hano
818 4069 939 4148 partem
962 4064 1164 4148 praecedenti
1186 4069 1362 4148 praestare:
1384 4063 1424 4128 ad

306 4179 550 4263 intelligendum
582 4179 668 4243 enim
690 4177 792 4242 facilis
815 4184 871 4261 est,
895 4197 998 4242 sermo
1020 4198 1124 4262 purus
1148 4197 1253 4262 neque
1275 4179 1423 4262 inquina-

308 4297 362 4360 tus
382 4292 535 4380 gravibus
557 4293 653 4356 vitiis.
676 4291 710 4356 Si
732 4297 837 4356 tamen
862 4297 965 4356 totum
986 4292 1094 4357 locum
1116 4293 1219 4377 magis
1243 4312 1339 4377 quam
1352 4293 1426 4358 sin-
