3330 5262
740 643 803 706 377

209 827 355 912 procella,
379 849 476 913 quam
498 829 647 894 nonnulli
668 829 852 893 futurorum
875 829 1078 913 praesagium
1099 848 1169 893 esse
1189 829 1330 893 credide

207 945 301 1005 runt:
325 939 425 1005 πολλοὶ
447 941 501 1019 μὲν
524 941 581 1022 γαρ
604 949 655 1006 καί
676 940 760 1006 ἄλλον
782 948 903 1020 γενναῖα
925 939 1055 1014 ε’ποίιροεν
1078 941 1138 1005 uri.
1161 941 1262 1006 Nihili
1283 947 1332 1007 est

208 1061 341 1134 γενναῖα.
384 1054 573 1120 Emendatio
607 1056 752 1120 nondum
785 1061 909 1140 reperta
944 1055 1086 1120 videtur:
1124 1056 1210 1140 quod
1245 1057 1331 1119 enim

210 1169 360 1233 nonnulli
383 1171 588 1234 coniecerunt
611 1168 698 1246 βίαια
721 1189 826 1253 neque
849 1169 901 1232 hic
925 1171 1084 1252 convenit,
1106 1175 1138 1233 et
1160 1169 1332 1233 electione

210 1282 327 1346 tradita
348 1283 486 1346 nimium
509 1282 637 1347 recedit.

255 1395 312 1478 IV,
344 1397 395 1460 20.
428 1395 535 1460 Metus
564 1395 730 1460 Thebanos
753 1398 884 1461 incessit
907 1395 930 1459 εί
954 1393 1077 1474 μηδένες
1098 1393 1182 1459 ι’ίλλοι
1206 1392 1222 1468 ἢ
1247 1392 1332 1458 αὐτοὶ

211 1509 403 1587 πολεμήσοιεν
434 1515 495 1582 τοῖς
525 1508 774 1587 Λακεδαιμονίοις.
810 1510 886 1575 Fuit
917 1531 1016 1596 quum
1041 1515 1187 1596 putarem
1210 1507 1333 1586 μηδένες

211 1619 297 1685 ἄλλοι
325 1618 342 1694 ἢ
376 1641 394 1686 e
423 1624 566 1707 margine
595 1625 770 1708 irrepsisse,
791 1623 902 1708 ibique
925 1643 962 1688 ea
985 1623 1082 1688 verba
1104 1622 1207 1687 fuisse
1230 1624 1333 1706 posita

213 1737 253 1800 ad
287 1736 508 1820 explicandam
542 1739 611 1800 vim
644 1739 841 1820 pronominis
875 1736 965 1804 αὐτοί.
1002 1737 1134 1801 Meliora
1165 1741 1272 1800 tamen
1302 1733 1334 1798 αἱ

214 1846 341 1924 δεύτεραι
372 1847 526 1929 φροντίδες
558 1868 609 1914 me
640 1850 826 1914 docuerunt
857 1849 931 1914 Non
962 1851 1047 1914 enim
1078 1869 1115 1914 ea
1137 1869 1189 1914 res
1212 1855 1333 1914 metum

213 1961 372 2026 Thebanis
404 1964 549 2046 incussit,
584 1964 670 2048 quod
702 1965 765 2048 ipsi
794 1966 864 2028 sine
895 1965 990 2029 sociis
1020 1968 1136 2046 essent,
1167 1964 1223 2028 sed
1247 1965 1334 2048 quod

216 2075 372 2161 Spartani,
396 2078 459 2140 nisi
479 2085 510 2141 et
529 2076 605 2141 alibi
623 2078 663 2141 iis
683 2082 766 2142 esset
784 2077 904 2142 bellum
923 2078 1109 2162 gerendum,
1128 2097 1239 2143 omnes
1258 2099 1334 2143 suas

216 2192 300 2254 vires
323 2191 358 2252 in
380 2191 466 2274 ipsos
486 2173 672 2256 'convertere
695 2196 832 2275 possent.

256 2303 314 2386 IV,
345 2305 395 2367 24.
427 2303 599 2389 Sphodrias
629 2305 813 2390 Spartanus,
843 2326 862 2369 a
890 2304 1047 2369 Thebanis
1074 2304 1277 2389 subornatus,
1300 2308 1334 2370 in

214 2417 365 2481 Piraeum
386 2419 604 2482 incursionem
623 2417 706 2482 facit.
727 2417 851 2494 Quare
870 2420 996 2503 cognita
1014 2418 1227 2482 Athenienses
1240 2417 1334 2503 Spar·

216 2537 363 2595 tanorum
395 2532 516 2616 legatos
545 2537 708 2616 tamquam
738 2534 883 2597 conscios
914 2531 1195 2616 comprehendunt.
1225 2529 1335 2616 Legati

213 2651 321 2709 autem
343 2647 392 2709 illi
413 2643 650 2722 ἐκπεπληγμένοι
672 2669 707 2708 τε
729 2639 803 2719 ἦσαν
826 2645 866 2724 τῷ
885 2642 1114 2725 πραγματικαὶ
1134 2644 1334 2722 ἀπελογοῦντο

213 2759 250 2828 ὡς
273 2759 326 2822 οὐκ
348 2755 384 2820 riu
408 2780 480 2821 ποτε
502 2755 573 2822 οὕτω
594 2761 679 2839 μῶροι
700 2752 783 2832 ἦσαν,
804 2758 841 2830 ὡς
861 2757 885 2820 εί
904 2756 1011 2838 ᾔδεσαν
1023 2756 1334 2834 καταλαμβανόμενον

212 2871 260 2935 τὸν
291 2875 421 2952 Πειραιοῖ,
445 2872 474 2934 ἕν
497 2872 537 2951 τῷ
560 2869 643 2935 οίοτει
666 2870 703 2935 ίιν
725 2870 903 2952 ὑποχειρίους
925 2869 1032 2942 αὐτοὺς
1055 2876 1206 2951 παρεῖχον.
1232 2870 1336 2935 Parti-

212 2985 284 3049 cula
314 2983 359 3068 ίιν,
390 3005 473 3070 quae
502 2987 591 3070 prior
619 2986 745 3070 legitur,
776 2988 900 3050 sincera
930 3004 1000 3050 esse
1023 3004 1088 3049 non
1111 2990 1222 3070 potest.
1245 2984 1335 3050 Haec

213 3102 298 3165 enim
321 3101 500 3184 legatorum
524 3099 620 3164 verba
643 3105 736 3164 sunt:
761 3097 810 3163 οὔκ
833 3100 922 3176 εὀμεν
946 3095 1017 3162 οὕτω
1041 3101 1126 3178 μῶροι
1150 3099 1187 3171 ὥς
1211 3098 1235 3162 εί
1258 3098 1334 3180 ᾕδει-

213 3237 287 3291 μεν.
303 3262 310 3276 .
325 3261 353 3276 ..
380 3212 560 3294 παρείχομεν
584 3212 628 3276 tu.
651 3213 714 3278 Sed
733 3233 839 3298 neque
859 3213 962 3298 placet
982 3213 1068 3297 quod
1088 3214 1234 3297 sequitur
1252 3235 1332 3276 ποτε.

215 3327 300 3404 Quid
330 3334 438 3392 autem
466 3347 523 3412 pro
546 3323 583 3390 ίον
606 3349 679 3391 ποτε
700 3328 872 3412 legendum
895 3329 937 3392 sit
960 3346 1025 3391 non
1049 3332 1162 3391 statuo.
1187 3325 1334 3411 Requiri-

212 3447 265 3506 tur
287 3443 354 3508 fere
377 3439 478 3514 διίποιι.

256 3555 314 3639 IV,
344 3558 395 3619 25.
424 3551 485 3618 Ἦν
515 3555 571 3627 υἱὸς
603 3555 643 3634 τῷ
674 3554 807 3638 Σφοδρία
839 3553 953 3627 ἡλικίαν
983 3578 1017 3617 τε
1038 3551 1116 3633 ἔχων
1138 3552 1192 3626 τίρν
1215 3551 1280 3634 οίρπι
1302 3554 1335 3617 ἐκ

213 3667 340 3742 παίδων,
371 3668 543 3746 Κλεώνυμος
569 3666 670 3746 ίνομοι,
694 3667 746 3733 καί
770 3665 840 3746 ίίμα
862 3665 1022 3740 κοίνιλιστίς
1045 3691 1079 3731 τε
1102 3665 1153 3731 καὶ
1177 3666 1334 3744 εὐδοκιμώ-

213 3805 301 3852 τατος
320 3783 376 3846 τῶν
395 3781 509 3855 ἡλίκων.
530 3782 717 3848 Necessario
737 3785 787 3848 his
807 3785 1009 3869 participium
1029 3780 1067 3845 ὤν
1086 3782 1267 3846 addendum
1279 3786 1337 3845 est.

257 3896 314 3979 lV,
338 3899 388 3960 28.
412 3897 554 3981 Agesilai
575 3897 664 3961 filius
683 3898 897 3962 Archidamus
918 3916 1026 3961 amore
1046 3895 1210 3976 cleonymi
1223 3899 1336 3979 eaptus

213 4011 288 4074 huic
320 4013 474 4096 promisit,
506 4030 540 4075 se
564 4032 583 4075 a
605 4015 695 4094 patre
718 4030 776 4075 suo
800 4014 975 4096 potiturum
997 4017 1034 4075 ut
1057 4009 1215 4073 auxilium
1239 4029 1335 4073 suum

213 4130 350 4208 praestet
380 4125 562 4210 Sphodriae,
587 4124 753 4207 Cleonymi
775 4127 868 4210 patri,
890 4126 1079 4210 proditionis
1102 4142 1168 4206 rec,
1190 4123 1245 4187 sed
1268 4142 1334 4186 non

212 4239 308 4303 audet
338 4239 376 4303 de
408 4259 444 4304 ea
475 4257 510 4302 re
538 4245 660 4322 patrem
683 4240 813 4324 alloqui.
838 4239 931 4303 llane
956 4241 1067 4323 surgit,
1090 4237 1334 4321 custodiamque

214 4353 287 4437 agit,
310 4371 351 4417 ne
372 4371 407 4417 se
428 4353 530 4417 inscio
553 4359 643 4437 pater
668 4359 769 4428 exeat.
794 4353 858 4418 Ubi
881 4359 1052 4418 exeuntem
1075 4352 1172 4436 videt,
1194 4352 1334 4435 primurn
