3354 5268
560 1605 726 1686 CAPUT
752 1605 966 1681 PRIMUM.

492 1831 536 1898 lla
558 1828 781 1915 xenophontis
807 1844 893 1897 anno
918 1826 1032 1897 natali.

248 2391 440 2476 Magnopero
476 2411 588 2457 vereor
623 2395 668 2456 mi
702 2391 831 2456 Lector!
867 2410 908 2454 ne
943 2409 994 2454 me
1029 2408 1156 2473 operam
1191 2389 1323 2472 perdere

203 2511 305 2589 putes,
329 2507 386 2589 qui
409 2508 627 2589 quaestionem
653 2506 865 2589 redintegrem
888 2505 1024 2567 aliorum
1048 2503 1164 2567 studiis
1183 2507 1214 2566 et
1232 2501 1323 2565 lucu-

203 2618 403 2682 brationibus
436 2619 636 2703 profligatam
668 2620 733 2682 iam
766 2624 798 2683 ot
830 2618 870 2680 ad
905 2618 1029 2680 exitum
1063 2616 1259 2700 perductam,
1293 2619 1325 2678 et

204 2732 452 2794 controversiam
473 2732 595 2796 dudum
616 2732 804 2815 diremptam
825 2749 875 2794 me
894 2730 1143 2812 disceptaturum
1156 2727 1323 2811 polhcear:

203 2848 372 2925 postquam
385 2845 469 2907 enim
483 2849 646 2927 tamquam
658 2845 754 2907 inane
765 2847 979 2906 commentum
993 2842 1108 2906 reiecta
1121 2842 1162 2904 sit
1170 2839 1323 2922 Diogenis

202 2953 319 3018 Ladrtii
351 2956 389 3018 de
413 2954 540 3020 Socrate
563 2955 772 3039 Xenophonti
795 2956 835 3019 ad
858 2954 988 3019 Delium
1012 2955 1149 3018 salutem
1174 2952 1323 3016 afferente

203 3069 351 3150 narratio,
381 3069 444 3131 iarn
476 3069 556 3132 nihil
579 3069 712 3151 obstare,
735 3070 913 3152 quominus
931 3069 965 3131 in
989 3066 1213 3150 Xenophontis
1237 3085 1321 3128 anno

203 3181 301 3244 natali
319 3182 499 3265 indagando
518 3184 732 3247 certissimum
751 3181 844 3245 nobis
865 3182 989 3263 ducem,
1007 3183 1027 3244 i.
1040 3201 1065 3246 e.
1084 3183 1191 3264 ipsum
1212 3179 1323 3244 Xeno·

204 3294 356 3378 phontem
387 3315 563 3377 sumamus,
593 3315 688 3379 quem
720 3295 975 3382 commendante
990 3293 1107 3358 Oobeto
1131 3298 1258 3358 secutos
1283 3293 1323 3355 ad

204 3425 279 3470 eum
301 3426 493 3472 consensum
519 3410 605 3471 viros
629 3408 738 3472 doctos
761 3408 955 3491 pervenisse,
980 3409 1037 3490 qui
1059 3425 1152 3470 rarus
1175 3408 1217 3469 sit
1239 3407 1325 3468 inter

204 3519 388 3603 philologos.
422 3521 496 3584 Noli
526 3526 633 3585 tamen
663 3522 799 3601 credere,
831 3540 882 3584 me
910 3540 1028 3584 novam
1051 3519 1212 3603 quandam
1238 3518 1323 3581 viam

203 3650 273 3696 esse
304 3638 570 3697 monstraturum:
604 3634 679 3697 duci
711 3638 819 3697 nostro
843 3632 970 3716 parebo,
991 3632 1111 3695 indicia
1135 3632 1204 3694 eius
1228 3649 1323 3692 accu-

204 3749 271 3809 rato
300 3745 482 3828 explorabo,
510 3748 555 3810 ita
578 3751 684 3810 tamen
709 3751 746 3810 ut
769 3746 866 3809 simul
890 3746 1112 3826 demonstrem,
1132 3745 1202 3806 eius
1227 3742 1324 3807 verba

203 3857 299 3940 paulo
322 3857 537 3942 negligentius
558 3860 659 3941 accipi
682 3859 791 3922 solere.

250 3967 335 4045 Quid
368 3989 443 4054 ergo
477 3990 536 4034 nos
568 3971 658 4035 docet
687 3969 893 4053 Xenophon?
923 3969 1056 4032 Annum
1082 3968 1211 4051 quidem
1240 3968 1323 4031 vitae

205 4102 283 4147 suae
305 4103 469 4166 nusquam
488 4085 590 4166 tradit,
610 4085 665 4148 sed
685 4084 857 4147 admodum
868 4084 1101 4147 adolescentem
1115 4101 1189 4166 eum
1202 4079 1322 4162 Oyrum

205 4197 400 4260 comitatum¹
425 4216 504 4278 esse,
540 4217 582 4261 ox
612 4203 677 4261 tota
707 4197 850 4261 Anabasi
882 4202 946 4260 tam
975 4197 1098 4280 liquido
1122 4200 1263 4279 apparet,
1286 4199 1322 4258 ut

204 4327 299 4373 nemo
332 4309 478 4374 dubitare
510 4311 627 4394 possit:
659 4310 818 4393 quidquid
849 4311 935 4372 enim
965 4311 1030 4393 agit
1063 4310 1179 4372 dicitvo
1201 4306 1322 4370 adoles·

1208 4417 1222 4467 1
