<?xml version="1.0" encoding="UTF-8"?>
<!DOCTYPE html PUBLIC "-//W3C//DTD XHTML 1.0 Transitional//EN"
    "http://www.w3.org/TR/xhtml1/DTD/xhtml1-transitional.dtd">
<html xmlns="http://www.w3.org/1999/xhtml" xml:lang="en" lang="en">
 <head>
  <title>
</title>
<meta http-equiv="Content-Type" content="text/html;charset=utf-8" />
  <meta name='ocr-system' content='tesseract 3.04.00' />
  <meta name='ocr-capabilities' content='ocr_page ocr_carea ocr_par ocr_line ocrx_word'/>
</head>
<body>
  <div class='ocr_page' id='page_1' title='image "./analectaxenopho00hartgoog_0358.png"; bbox 0 0 3330 5262; ppageno 0'>
   <div class='ocr_carea' id='block_1_1' title="bbox 744 629 808 693">
    <p class='ocr_par' dir='ltr' id='par_1_1' title="bbox 744 629 808 693">
     <span class='ocr_line' id='line_1_1' title="bbox 744 629 808 693; baseline 0.016 -1"><span class='ocrx_word' id='word_1_1' title='bbox 744 629 808 693; x_wconf 87' lang='grc'>343</span> 
     </span>
    </p>
   </div>
   <div class='ocr_carea' id='block_1_2' title="bbox 182 807 1340 2816">
    <p class='ocr_par' dir='ltr' id='par_1_2' title="bbox 182 807 1340 2816">
     <span class='ocr_line' id='line_1_2' title="bbox 212 807 1338 890; baseline 0.004 -17"><span class='ocrx_word' id='word_1_2' title='bbox 212 808 263 873; x_wconf 72' lang='lat' dir='ltr'>aa)</span> <span class='ocrx_word' id='word_1_3' title='bbox 294 808 345 873; x_wconf 74' lang='grc' dir='ltr'>ἐὰν</span> <span class='ocrx_word' id='word_1_4' title='bbox 368 807 440 873; x_wconf 76' lang='grc' dir='ltr'><strong><em>οὕτω</em></strong></span> <span class='ocrx_word' id='word_1_5' title='bbox 462 808 603 890; x_wconf 68' lang='grc' dir='ltr'><em>τύχωσιν,</em></span> <span class='ocrx_word' id='word_1_6' title='bbox 627 808 705 874; x_wconf 75' lang='grc' dir='ltr'><em>ἔστιν</em></span> <span class='ocrx_word' id='word_1_7' title='bbox 727 809 774 874; x_wconf 74' lang='grc' dir='ltr'>ὅτε</span> <span class='ocrx_word' id='word_1_8' title='bbox 796 811 847 875; x_wconf 75' lang='lat' dir='ltr'>aa}</span> <span class='ocrx_word' id='word_1_9' title='bbox 866 811 1043 876; x_wconf 70' lang='grc' dir='ltr'>ἀπέκτεινον</span> <span class='ocrx_word' id='word_1_10' title='bbox 1065 813 1224 884; x_wconf 70' lang='grc' dir='ltr'><strong><em>ἀλλήλους.</em></strong></span> <span class='ocrx_word' id='word_1_11' title='bbox 1251 812 1338 884; x_wconf 73' lang='lat' dir='ltr'>Solet</span> 
     </span>
     <span class='ocr_line' id='line_1_3' title="bbox 212 925 1339 1010; baseline 0.003 -23"><span class='ocrx_word' id='word_1_12' title='bbox 212 925 341 1009; x_wconf 87' lang='lat' dir='ltr'>quidam</span> <span class='ocrx_word' id='word_1_13' title='bbox 365 925 425 988; x_wconf 92' lang='lat' dir='ltr'>hoc</span> <span class='ocrx_word' id='word_1_14' title='bbox 449 927 679 990; x_wconf 90' lang='lat' dir='ltr'>sententiarum</span> <span class='ocrx_word' id='word_1_15' title='bbox 703 945 807 1009; x_wconf 84' lang='lat' dir='ltr'>genus</span> <span class='ocrx_word' id='word_1_16' title='bbox 832 926 919 1010; x_wconf 89' lang='lat' dir='ltr'>apud</span> <span class='ocrx_word' id='word_1_17' title='bbox 942 925 1189 1009; x_wconf 79' lang='lat' dir='ltr'><strong>Xenophontem</strong></span> <span class='ocrx_word' id='word_1_18' title='bbox 1209 945 1339 1010; x_wconf 87' lang='lat' dir='ltr'>corrup-</span> 
     </span>
     <span class='ocr_line' id='line_1_4' title="bbox 211 1035 1340 1121; baseline 0 -20"><span class='ocrx_word' id='word_1_19' title='bbox 211 1043 280 1101; x_wconf 87' lang='lat' dir='ltr'>tum</span> <span class='ocrx_word' id='word_1_20' title='bbox 311 1037 517 1120; x_wconf 82' lang='lat' dir='ltr'>circumferri,</span> <span class='ocrx_word' id='word_1_21' title='bbox 539 1057 557 1102; x_wconf 87' lang='lat' dir='ltr'>a</span> <span class='ocrx_word' id='word_1_22' title='bbox 580 1057 645 1121; x_wconf 94' lang='lat' dir='ltr'>quo</span> <span class='ocrx_word' id='word_1_23' title='bbox 669 1039 800 1102; x_wconf 84' lang='lat' dir='ltr'>ethaeo</span> <span class='ocrx_word' id='word_1_24' title='bbox 823 1042 872 1102; x_wconf 88' lang='lat' dir='ltr'>ost</span> <span class='ocrx_word' id='word_1_25' title='bbox 895 1037 962 1117; x_wconf 83' lang='lat' dir='ltr'>(VI,</span> <span class='ocrx_word' id='word_1_26' title='bbox 986 1040 1015 1120; x_wconf 88' lang='lat'>3,</span> <span class='ocrx_word' id='word_1_27' title='bbox 1040 1038 1109 1115; x_wconf 82' lang='lat'>15):</span> <span class='ocrx_word' id='word_1_28' title='bbox 1133 1035 1217 1100; x_wconf 75' lang='lat' dir='ltr'>aaaa</span> <span class='ocrx_word' id='word_1_29' title='bbox 1239 1035 1340 1113; x_wconf 77' lang='grc' dir='ltr'>μέντοι</span> 
     </span>
     <span class='ocr_line' id='line_1_5' title="bbox 210 1145 1336 1227; baseline 0.001 -16"><span class='ocrx_word' id='word_1_30' title='bbox 210 1147 252 1212; x_wconf 73' lang='grc' dir='ltr'>ὅτι</span> <span class='ocrx_word' id='word_1_31' title='bbox 283 1148 338 1226; x_wconf 82' lang='grc' dir='ltr'>μὲν</span> <span class='ocrx_word' id='word_1_32' title='bbox 368 1147 491 1226; x_wconf 79' lang='grc' dir='ltr'>πόλεμον</span> <span class='ocrx_word' id='word_1_33' title='bbox 521 1148 569 1213; x_wconf 72' lang='lat' dir='ltr'>aial</span> <span class='ocrx_word' id='word_1_34' title='bbox 589 1172 661 1213; x_wconf 79' lang='grc' dir='ltr'><strong><em>ποτε</em></strong></span> <span class='ocrx_word' id='word_1_35' title='bbox 683 1149 834 1227; x_wconf 75' lang='grc' dir='ltr'>γίγνοντου</span> <span class='ocrx_word' id='word_1_36' title='bbox 857 1147 910 1213; x_wconf 75' lang='lat' dir='ltr'>aar}</span> <span class='ocrx_word' id='word_1_37' title='bbox 934 1145 977 1213; x_wconf 76' lang='grc' dir='ltr'>ὅτι</span> <span class='ocrx_word' id='word_1_38' title='bbox 1001 1148 1202 1214; x_wconf 79' lang='grc' dir='ltr'>κοιτονλύοννοοο</span> <span class='ocrx_word' id='word_1_39' title='bbox 1226 1147 1336 1222; x_wconf 72' lang='grc' dir='ltr'><em>πάντες</em></span> 
     </span>
     <span class='ocr_line' id='line_1_6' title="bbox 210 1255 1337 1342; baseline 0.001 -19"><span class='ocrx_word' id='word_1_40' title='bbox 210 1259 407 1338; x_wconf 76' lang='grc' dir='ltr'><strong><em>ἐπνοτοίμεθοο,</em></strong></span> <span class='ocrx_word' id='word_1_41' title='bbox 438 1259 491 1326; x_wconf 76' lang='lat' dir='ltr'>acl</span> <span class='ocrx_word' id='word_1_42' title='bbox 522 1259 565 1325; x_wconf 70' lang='grc' dir='ltr'>ὅτι</span> <span class='ocrx_word' id='word_1_43' title='bbox 597 1261 694 1339; x_wconf 76' lang='grc' dir='ltr'><em>ἡμεῖς,</em></span> <span class='ocrx_word' id='word_1_44' title='bbox 723 1260 760 1325; x_wconf 73' lang='grc' dir='ltr'>ἂν</span> <span class='ocrx_word' id='word_1_45' title='bbox 783 1261 826 1339; x_wconf 68' lang='grc' dir='ltr'>μὴ</span> <span class='ocrx_word' id='word_1_46' title='bbox 852 1266 911 1334; x_wconf 82' lang='grc' dir='ltr'><em>νῦν,</em></span> <span class='ocrx_word' id='word_1_47' title='bbox 935 1262 1007 1324; x_wconf 67' lang='grc' dir='ltr'><strong><em>ἀλλ’</em></strong></span> <span class='ocrx_word' id='word_1_48' title='bbox 1032 1255 1112 1334; x_wconf 64' lang='lat' dir='ltr'>aridio</span> <span class='ocrx_word' id='word_1_49' title='bbox 1135 1284 1207 1324; x_wconf 80' lang='grc' dir='ltr'><strong><em>ποτε</em></strong></span> <span class='ocrx_word' id='word_1_50' title='bbox 1229 1260 1337 1342; x_wconf 74' lang='grc' dir='ltr'><em>εἰρήνης</em></span> 
     </span>
     <span class='ocr_line' id='line_1_7' title="bbox 210 1373 1337 1460; baseline 0.002 -24"><span class='ocrx_word' id='word_1_51' title='bbox 210 1373 436 1452; x_wconf 66' lang='grc' dir='ltr'><em>ἐπιθυμήσομεν.</em></span> <span class='ocrx_word' id='word_1_52' title='bbox 469 1375 560 1440; x_wconf 89' lang='lat' dir='ltr'>Haec</span> <span class='ocrx_word' id='word_1_53' title='bbox 582 1380 698 1456; x_wconf 89' lang='lat' dir='ltr'>tamen,</span> <span class='ocrx_word' id='word_1_54' title='bbox 722 1396 819 1460; x_wconf 90' lang='lat' dir='ltr'>quam</span> <span class='ocrx_word' id='word_1_55' title='bbox 843 1376 995 1459; x_wconf 81' lang='lat' dir='ltr'>Agesilao</span> <span class='ocrx_word' id='word_1_56' title='bbox 1018 1374 1117 1439; x_wconf 84' lang='lat' dir='ltr'>tribui</span> <span class='ocrx_word' id='word_1_57' title='bbox 1139 1375 1297 1456; x_wconf 84' lang='lat' dir='ltr'>videmus,</span> <span class='ocrx_word' id='word_1_58' title='bbox 1320 1394 1337 1439; x_wconf 92' lang='lat' dir='ltr'>e</span> 
     </span>
     <span class='ocr_line' id='line_1_8' title="bbox 211 1475 1336 1572; baseline 0.001 -21"><span class='ocrx_word' id='word_1_59' title='bbox 211 1490 376 1552; x_wconf 89' lang='lat' dir='ltr'>communi</span> <span class='ocrx_word' id='word_1_60' title='bbox 399 1487 468 1552; x_wconf 89' lang='lat' dir='ltr'>labe</span> <span class='ocrx_word' id='word_1_61' title='bbox 490 1488 663 1554; x_wconf 89' lang='lat' dir='ltr'>incolumis</span> <span class='ocrx_word' id='word_1_62' title='bbox 686 1492 826 1554; x_wconf 82' lang='lat' dir='ltr'>evasisse</span> <span class='ocrx_word' id='word_1_63' title='bbox 848 1489 984 1553; x_wconf 90' lang='lat' dir='ltr'>videtur.</span> <span class='ocrx_word' id='word_1_64' title='bbox 1005 1489 1193 1554; x_wconf 79' lang='lat' dir='ltr'>Coniectum</span> <span class='ocrx_word' id='word_1_65' title='bbox 1205 1475 1336 1572; x_wconf 90' lang='lat' dir='ltr'>quidem</span> 
     </span>
     <span class='ocr_line' id='line_1_9' title="bbox 211 1596 1338 1687; baseline 0.001 -22"><span class='ocrx_word' id='word_1_66' title='bbox 211 1607 259 1666; x_wconf 89' lang='lat' dir='ltr'>est</span> <span class='ocrx_word' id='word_1_67' title='bbox 282 1621 338 1685; x_wconf 89' lang='lat' dir='ltr'>pro</span> <span class='ocrx_word' id='word_1_68' title='bbox 362 1597 516 1680; x_wconf 71' lang='grc' dir='ltr'>ἄνθρωποι</span> <span class='ocrx_word' id='word_1_69' title='bbox 540 1599 688 1682; x_wconf 76' lang='grc' dir='ltr'>ἅνθρωποι,</span> <span class='ocrx_word' id='word_1_70' title='bbox 715 1608 746 1667; x_wconf 93' lang='lat' dir='ltr'>et</span> <span class='ocrx_word' id='word_1_71' title='bbox 767 1621 825 1687; x_wconf 90' lang='lat' dir='ltr'>pro</span> <span class='ocrx_word' id='word_1_72' title='bbox 849 1596 922 1665; x_wconf 78' lang='lat' dir='ltr'>odra</span> <span class='ocrx_word' id='word_1_73' title='bbox 945 1601 994 1665; x_wconf 74' lang='grc' dir='ltr'>δὲε</span> <span class='ocrx_word' id='word_1_74' title='bbox 1019 1599 1051 1675; x_wconf 78' lang='grc' dir='ltr'>οἵ,</span> <span class='ocrx_word' id='word_1_75' title='bbox 1077 1603 1133 1667; x_wconf 87' lang='lat' dir='ltr'>sed</span> <span class='ocrx_word' id='word_1_76' title='bbox 1152 1604 1281 1668; x_wconf 81' lang='lat' dir='ltr'>videtur</span> <span class='ocrx_word' id='word_1_77' title='bbox 1300 1622 1338 1668; x_wconf 85' lang='lat' dir='ltr'>ea</span> 
     </span>
     <span class='ocr_line' id='line_1_10' title="bbox 210 1713 1336 1800; baseline 0.002 -24"><span class='ocrx_word' id='word_1_78' title='bbox 210 1715 393 1778; x_wconf 88' lang='lat' dir='ltr'>coniectura</span> <span class='ocrx_word' id='word_1_79' title='bbox 410 1717 569 1779; x_wconf 89' lang='lat' dir='ltr'>sententia</span> <span class='ocrx_word' id='word_1_80' title='bbox 588 1713 813 1800; x_wconf 88' lang='lat' dir='ltr'>Xenophontis</span> <span class='ocrx_word' id='word_1_81' title='bbox 832 1715 1042 1799; x_wconf 87' lang='lat' dir='ltr'>pessumdari.</span> <span class='ocrx_word' id='word_1_82' title='bbox 1061 1714 1134 1779; x_wconf 90' lang='lat' dir='ltr'>Hoc</span> <span class='ocrx_word' id='word_1_83' title='bbox 1145 1717 1230 1778; x_wconf 85' lang='lat' dir='ltr'>enim</span> <span class='ocrx_word' id='word_1_84' title='bbox 1244 1715 1336 1779; x_wconf 89' lang='lat' dir='ltr'>dicit:</span> 
     </span>
     <span class='ocr_line' id='line_1_11' title="bbox 209 1827 1336 1910; baseline 0 -19"><span class='ocrx_word' id='word_1_85' title='bbox 209 1830 243 1891; x_wconf 94' lang='lat' dir='ltr'>in</span> <span class='ocrx_word' id='word_1_86' title='bbox 265 1847 459 1910; x_wconf 74' lang='lat' dir='ltr'>unaquoque</span> <span class='ocrx_word' id='word_1_87' title='bbox 484 1828 604 1893; x_wconf 79' lang='lat' dir='ltr'>Graeca</span> <span class='ocrx_word' id='word_1_88' title='bbox 626 1830 755 1892; x_wconf 84' lang='lat' dir='ltr'>civitate</span> <span class='ocrx_word' id='word_1_89' title='bbox 777 1827 926 1892; x_wconf 77' lang='lat' dir='ltr'>nonnulli</span> <span class='ocrx_word' id='word_1_90' title='bbox 947 1833 1025 1892; x_wconf 93' lang='lat' dir='ltr'>sunt</span> <span class='ocrx_word' id='word_1_91' title='bbox 1047 1828 1201 1909; x_wconf 89' lang='lat' dir='ltr'>homines,</span> <span class='ocrx_word' id='word_1_92' title='bbox 1225 1829 1336 1910; x_wconf 91' lang='lat' dir='ltr'>quiin</span> 
     </span>
     <span class='ocr_line' id='line_1_12' title="bbox 211 1941 1336 2026; baseline 0 -22"><span class='ocrx_word' id='word_1_93' title='bbox 211 1941 273 2004; x_wconf 85' lang='lat' dir='ltr'>alia</span> <span class='ocrx_word' id='word_1_94' title='bbox 305 1943 434 2006; x_wconf 83' lang='lat' dir='ltr'>civitate</span> <span class='ocrx_word' id='word_1_95' title='bbox 467 1942 610 2026; x_wconf 84' lang='lat' dir='ltr'>hospites</span> <span class='ocrx_word' id='word_1_96' title='bbox 644 1941 797 2005; x_wconf 84' lang='lat' dir='ltr'>habeant:</span> <span class='ocrx_word' id='word_1_97' title='bbox 830 1941 878 2003; x_wconf 90' lang='lat' dir='ltr'>illi</span> <span class='ocrx_word' id='word_1_98' title='bbox 910 1944 1017 2022; x_wconf 80' lang='lat' dir='ltr'>tamen</span> <span class='ocrx_word' id='word_1_99' title='bbox 1048 1959 1153 2003; x_wconf 75' lang='lat' dir='ltr'>omnes</span> <span class='ocrx_word' id='word_1_100' title='bbox 1175 1948 1336 2024; x_wconf 79' lang='lat' dir='ltr'>cuguntur</span> 
     </span>
     <span class='ocr_line' id='line_1_13' title="bbox 210 2051 1335 2142; baseline 0 -24"><span class='ocrx_word' id='word_1_101' title='bbox 210 2055 372 2142; x_wconf 87' lang='lat' dir='ltr'>interdum</span> <span class='ocrx_word' id='word_1_102' title='bbox 397 2073 471 2118; x_wconf 86' lang='lat' dir='ltr'>curn</span> <span class='ocrx_word' id='word_1_103' title='bbox 497 2057 566 2118; x_wconf 85' lang='lat' dir='ltr'>suis</span> <span class='ocrx_word' id='word_1_104' title='bbox 587 2053 768 2138; x_wconf 85' lang='lat' dir='ltr'>hospitibus</span> <span class='ocrx_word' id='word_1_105' title='bbox 789 2053 908 2118; x_wconf 90' lang='lat' dir='ltr'>bellum</span> <span class='ocrx_word' id='word_1_106' title='bbox 928 2072 1046 2137; x_wconf 78' lang='lat' dir='ltr'>gerere.</span> <span class='ocrx_word' id='word_1_107' title='bbox 1066 2051 1214 2137; x_wconf 89' lang='lat' dir='ltr'>Receptis</span> <span class='ocrx_word' id='word_1_108' title='bbox 1228 2059 1335 2118; x_wconf 88' lang='lat' dir='ltr'>autem</span> 
     </span>
     <span class='ocr_line' id='line_1_14' title="bbox 210 2168 1335 2252; baseline 0.001 -21"><span class='ocrx_word' id='word_1_109' title='bbox 210 2169 402 2232; x_wconf 86' lang='lat' dir='ltr'>coniecturis</span> <span class='ocrx_word' id='word_1_110' title='bbox 433 2189 513 2252; x_wconf 88' lang='lat' dir='ltr'>quas</span> <span class='ocrx_word' id='word_1_111' title='bbox 545 2168 699 2250; x_wconf 79' lang='lat' dir='ltr'>dicebam,</span> <span class='ocrx_word' id='word_1_112' title='bbox 729 2169 808 2232; x_wconf 88' lang='lat' dir='ltr'>haec</span> <span class='ocrx_word' id='word_1_113' title='bbox 834 2168 940 2231; x_wconf 89' lang='lat' dir='ltr'>evadit</span> <span class='ocrx_word' id='word_1_114' title='bbox 964 2169 1130 2248; x_wconf 88' lang='lat' dir='ltr'>sententia,</span> <span class='ocrx_word' id='word_1_115' title='bbox 1153 2168 1204 2232; x_wconf 86' lang='lat' dir='ltr'>vel</span> <span class='ocrx_word' id='word_1_116' title='bbox 1227 2170 1335 2251; x_wconf 86' lang='lat' dir='ltr'>potius</span> 
     </span>
     <span class='ocr_line' id='line_1_15' title="bbox 209 2278 1334 2362; baseline 0 -20"><span class='ocrx_word' id='word_1_117' title='bbox 209 2279 407 2344; x_wconf 83' lang='lat' dir='ltr'>absurditas:</span> <span class='ocrx_word' id='word_1_118' title='bbox 439 2282 474 2344; x_wconf 86' lang='lat' dir='ltr'>in</span> <span class='ocrx_word' id='word_1_119' title='bbox 505 2279 635 2344; x_wconf 82' lang='lat' dir='ltr'>Graecis</span> <span class='ocrx_word' id='word_1_120' title='bbox 658 2279 843 2344; x_wconf 88' lang='lat' dir='ltr'>civitatibus</span> <span class='ocrx_word' id='word_1_121' title='bbox 865 2298 969 2342; x_wconf 77' lang='lat' dir='ltr'>omnes</span> <span class='ocrx_word' id='word_1_122' title='bbox 991 2278 1138 2342; x_wconf 89' lang='lat' dir='ltr'>homines</span> <span class='ocrx_word' id='word_1_123' title='bbox 1162 2281 1334 2362; x_wconf 83' lang='lat' dir='ltr'>(privatim)</span> 
     </span>
     <span class='ocr_line' id='line_1_16' title="bbox 208 2391 1334 2477; baseline 0.002 -22"><span class='ocrx_word' id='word_1_124' title='bbox 208 2394 293 2456; x_wconf 88' lang='lat' dir='ltr'>inter</span> <span class='ocrx_word' id='word_1_125' title='bbox 316 2412 350 2456; x_wconf 90' lang='lat' dir='ltr'>se</span> <span class='ocrx_word' id='word_1_126' title='bbox 370 2394 513 2477; x_wconf 87' lang='lat' dir='ltr'>hospitas</span> <span class='ocrx_word' id='word_1_127' title='bbox 537 2400 629 2475; x_wconf 71' lang='lat' dir='ltr'>sunt,</span> <span class='ocrx_word' id='word_1_128' title='bbox 656 2414 769 2458; x_wconf 87' lang='lat' dir='ltr'>eorum</span> <span class='ocrx_word' id='word_1_129' title='bbox 792 2398 900 2458; x_wconf 87' lang='lat' dir='ltr'>autem</span> <span class='ocrx_word' id='word_1_130' title='bbox 927 2391 1084 2474; x_wconf 71' lang='lat' dir='ltr'>conuelli,</span> <span class='ocrx_word' id='word_1_131' title='bbox 1104 2395 1131 2456; x_wconf 86' lang='lat' dir='ltr'>si</span> <span class='ocrx_word' id='word_1_132' title='bbox 1151 2392 1272 2474; x_wconf 87' lang='lat' dir='ltr'>bellum</span> <span class='ocrx_word' id='word_1_133' title='bbox 1289 2393 1334 2476; x_wconf 88' lang='lat' dir='ltr'>fit,</span> 
     </span>
     <span class='ocr_line' id='line_1_17' title="bbox 182 2500 1332 2592; baseline -0.001 -23"><span class='ocrx_word' id='word_1_134' title='bbox 182 2585 184 2589; x_wconf 13' lang='grc' dir='ltr'><strong><em>ι</em></strong></span> <span class='ocrx_word' id='word_1_135' title='bbox 209 2511 370 2590; x_wconf 87' lang='lat' dir='ltr'>coguntur</span> <span class='ocrx_word' id='word_1_136' title='bbox 393 2526 467 2570; x_wconf 91' lang='lat' dir='ltr'>cum</span> <span class='ocrx_word' id='word_1_137' title='bbox 490 2507 669 2590; x_wconf 84' lang='lat' dir='ltr'>hospitibus</span> <span class='ocrx_word' id='word_1_138' title='bbox 693 2526 843 2592; x_wconf 89' lang='lat' dir='ltr'>pugnare.</span> <span class='ocrx_word' id='word_1_139' title='bbox 868 2506 934 2570; x_wconf 89' lang='lat' dir='ltr'>Ubi</span> <span class='ocrx_word' id='word_1_140' title='bbox 953 2506 1127 2590; x_wconf 90' lang='lat' dir='ltr'>legendum</span> <span class='ocrx_word' id='word_1_141' title='bbox 1146 2507 1187 2570; x_wconf 86' lang='lat' dir='ltr'>sit</span> <span class='ocrx_word' id='word_1_142' title='bbox 1205 2500 1332 2578; x_wconf 77' lang='grc' dir='ltr'>οὗτονδὲ,</span> 
     </span>
     <span class='ocr_line' id='line_1_18' title="bbox 209 2615 1333 2703; baseline 0.001 -22"><span class='ocrx_word' id='word_1_143' title='bbox 209 2618 265 2681; x_wconf 91' lang='lat' dir='ltr'>ubi</span> <span class='ocrx_word' id='word_1_144' title='bbox 288 2615 320 2690; x_wconf 78' lang='grc' dir='ltr'>οἳ,</span> <span class='ocrx_word' id='word_1_145' title='bbox 345 2621 463 2703; x_wconf 85' lang='lat' dir='ltr'>optime</span> <span class='ocrx_word' id='word_1_146' title='bbox 486 2619 620 2702; x_wconf 85' lang='lat' dir='ltr'>videbis,</span> <span class='ocrx_word' id='word_1_147' title='bbox 643 2623 670 2684; x_wconf 86' lang='lat' dir='ltr'>si</span> <span class='ocrx_word' id='word_1_148' title='bbox 694 2620 788 2684; x_wconf 92' lang='lat' dir='ltr'>illum</span> <span class='ocrx_word' id='word_1_149' title='bbox 812 2640 854 2684; x_wconf 82' lang='lat' dir='ltr'>ex</span> <span class='ocrx_word' id='word_1_150' title='bbox 877 2619 1019 2684; x_wconf 88' lang='lat' dir='ltr'>Anabasi</span> <span class='ocrx_word' id='word_1_151' title='bbox 1044 2619 1096 2702; x_wconf 88' lang='lat' dir='ltr'>(H,</span> <span class='ocrx_word' id='word_1_152' title='bbox 1122 2620 1150 2701; x_wconf 87' lang='lat'>5,</span> <span class='ocrx_word' id='word_1_153' title='bbox 1172 2620 1204 2701; x_wconf 88' lang='lat'>5)</span> <span class='ocrx_word' id='word_1_154' title='bbox 1225 2619 1333 2683; x_wconf 91' lang='lat' dir='ltr'>locum</span> 
     </span>
     <span class='ocr_line' id='line_1_19' title="bbox 209 2732 1331 2816; baseline 0.002 -22"><span class='ocrx_word' id='word_1_155' title='bbox 209 2732 393 2812; x_wconf 67' lang='lat' dir='ltr'>contuleris</span> <span class='ocrx_word' id='word_1_156' title='bbox 427 2753 523 2816; x_wconf 91' lang='lat' dir='ltr'>quem</span> <span class='ocrx_word' id='word_1_157' title='bbox 557 2734 603 2796; x_wconf 88' lang='lat' dir='ltr'>sic</span> <span class='ocrx_word' id='word_1_158' title='bbox 634 2732 840 2797; x_wconf 87' lang='lat' dir='ltr'>scribendum</span> <span class='ocrx_word' id='word_1_159' title='bbox 871 2751 941 2797; x_wconf 87' lang='lat' dir='ltr'>esse</span> <span class='ocrx_word' id='word_1_160' title='bbox 971 2753 1068 2816; x_wconf 89' lang='lat' dir='ltr'>supra</span> <span class='ocrx_word' id='word_1_161' title='bbox 1099 2733 1331 2797; x_wconf 87' lang='lat' dir='ltr'>demonstravi:</span> 
     </span>
    </p>
   </div>
   <div class='ocr_carea' id='block_1_3' title="bbox 208 2829 1334 2924">
    <p class='ocr_par' dir='ltr' id='par_1_3' title="bbox 208 2829 1334 2924">
     <span class='ocr_line' id='line_1_20' title="bbox 208 2829 1334 2924; baseline 0.002 -18"><span class='ocrx_word' id='word_1_162' title='bbox 208 2841 260 2906; x_wconf 76' lang='grc' dir='ltr'><strong><em>κοοὶ</em></strong></span> <span class='ocrx_word' id='word_1_163' title='bbox 284 2843 341 2923; x_wconf 67' lang='grc' dir='ltr'>γὰρ</span> <span class='ocrx_word' id='word_1_164' title='bbox 364 2837 429 2908; x_wconf 65' lang='lat' dir='ltr'>riba</span> <span class='ocrx_word' id='word_1_165' title='bbox 452 2844 613 2924; x_wconf 71' lang='grc' dir='ltr'><em>ἀνθρώπους</em></span> <span class='ocrx_word' id='word_1_166' title='bbox 636 2843 690 2918; x_wconf 74' lang='grc' dir='ltr'>ἤδη</span> <span class='ocrx_word' id='word_1_167' title='bbox 714 2844 780 2910; x_wconf 81' lang='grc' dir='ltr'>τοὺς</span> <span class='ocrx_word' id='word_1_168' title='bbox 801 2829 856 2921; x_wconf 83' lang='grc' dir='ltr'>μὲν</span> <span class='ocrx_word' id='word_1_169' title='bbox 874 2845 908 2907; x_wconf 86' lang='grc' dir='ltr'>ἐκ</span> <span class='ocrx_word' id='word_1_170' title='bbox 927 2843 1072 2920; x_wconf 73' lang='grc' dir='ltr'>διαβολῆς</span> <span class='ocrx_word' id='word_1_171' title='bbox 1091 2843 1159 2914; x_wconf 82' lang='grc' dir='ltr'>τοὺς</span> <span class='ocrx_word' id='word_1_172' title='bbox 1179 2843 1209 2907; x_wconf 78' lang='grc' dir='ltr'>δὲ</span> <span class='ocrx_word' id='word_1_173' title='bbox 1228 2841 1281 2908; x_wconf 70' lang='lat' dir='ltr'>aa}</span> <span class='ocrx_word' id='word_1_174' title='bbox 1296 2841 1334 2918; x_wconf 68' lang='grc' dir='ltr'>ἐξ</span> 
     </span>
    </p>
   </div>
   <div class='ocr_carea' id='block_1_4' title="bbox 167 2953 1334 4394">
    <p class='ocr_par' dir='ltr' id='par_1_4' title="bbox 167 2953 1334 4394">
     <span class='ocr_line' id='line_1_21' title="bbox 209 2953 1334 3036; baseline 0.002 -18"><span class='ocrx_word' id='word_1_175' title='bbox 209 2955 337 3035; x_wconf 74' lang='grc' dir='ltr'>ὑποψίαις</span> <span class='ocrx_word' id='word_1_176' title='bbox 367 2955 555 3036; x_wconf 78' lang='grc' dir='ltr'>Φοβνθέντοις</span> <span class='ocrx_word' id='word_1_177' title='bbox 581 2955 740 3030; x_wconf 68' lang='grc' dir='ltr'><strong><em>ἀλλήλους,</em></strong></span> <span class='ocrx_word' id='word_1_178' title='bbox 762 2953 786 3020; x_wconf 79' lang='grc' dir='ltr'>οἳ</span> <span class='ocrx_word' id='word_1_179' title='bbox 808 2955 924 3034; x_wconf 68' lang='lat' dir='ltr'>&lt;hidam</span> <span class='ocrx_word' id='word_1_180' title='bbox 948 2955 1117 3034; x_wconf 80' lang='grc' dir='ltr'>βουλόμενον</span> <span class='ocrx_word' id='word_1_181' title='bbox 1141 2955 1207 3036; x_wconf 73' lang='grc' dir='ltr'>πρὶν</span> <span class='ocrx_word' id='word_1_182' title='bbox 1230 2959 1334 3020; x_wconf 75' lang='grc' dir='ltr'>ποθεῖν</span> 
     </span>
     <span class='ocr_line' id='line_1_22' title="bbox 208 3067 1333 3148; baseline 0.001 -17"><span class='ocrx_word' id='word_1_183' title='bbox 208 3068 345 3142; x_wconf 74' lang='grc' dir='ltr'>ἕποι’νοοον</span> <span class='ocrx_word' id='word_1_184' title='bbox 377 3070 529 3141; x_wconf 64' lang='lat' dir='ltr'>deiurare</span> <span class='ocrx_word' id='word_1_185' title='bbox 562 3069 643 3133; x_wconf 73' lang='grc' dir='ltr'>κοινοὶ</span> <span class='ocrx_word' id='word_1_186' title='bbox 674 3069 739 3141; x_wconf 80' lang='grc' dir='ltr'>τοὺς</span> <span class='ocrx_word' id='word_1_187' title='bbox 771 3068 836 3133; x_wconf 79' lang='grc' dir='ltr'><strong><em>οὔτε</em></strong></span> <span class='ocrx_word' id='word_1_188' title='bbox 860 3067 1028 3146; x_wconf 76' lang='grc' dir='ltr'>μέλλοντος</span> <span class='ocrx_word' id='word_1_189' title='bbox 1051 3068 1116 3133; x_wconf 80' lang='grc' dir='ltr'><strong><em>οὔτε</em></strong></span> <span class='ocrx_word' id='word_1_190' title='bbox 1139 3069 1333 3148; x_wconf 77' lang='grc' dir='ltr'>βουλομένους</span> 
     </span>
     <span class='ocr_line' id='line_1_23' title="bbox 207 3179 1334 3274; baseline 0.003 -31"><span class='ocrx_word' id='word_1_191' title='bbox 207 3185 333 3244; x_wconf 78' lang='grc' dir='ltr'>τοιοῦτον</span> <span class='ocrx_word' id='word_1_192' title='bbox 356 3179 444 3274; x_wconf 76' lang='grc' dir='ltr'>οὐδέν.</span> <span class='ocrx_word' id='word_1_193' title='bbox 466 3182 655 3248; x_wconf 89' lang='lat' dir='ltr'>Necessario</span> <span class='ocrx_word' id='word_1_194' title='bbox 674 3183 719 3246; x_wconf 90' lang='lat' dir='ltr'>ibi</span> <span class='ocrx_word' id='word_1_195' title='bbox 739 3184 898 3247; x_wconf 87' lang='lat' dir='ltr'>sententia</span> <span class='ocrx_word' id='word_1_196' title='bbox 916 3184 1049 3246; x_wconf 87' lang='lat' dir='ltr'>relativa</span> <span class='ocrx_word' id='word_1_197' title='bbox 1061 3185 1244 3267; x_wconf 85' lang='lat' dir='ltr'>requiritur,</span> <span class='ocrx_word' id='word_1_198' title='bbox 1258 3186 1334 3269; x_wconf 88' lang='lat' dir='ltr'>quia</span> 
     </span>
     <span class='ocr_line' id='line_1_24' title="bbox 207 3295 1332 3383; baseline 0.002 -25"><span class='ocrx_word' id='word_1_199' title='bbox 207 3314 272 3358; x_wconf 85' lang='grc' dir='ltr'>νοονο</span> <span class='ocrx_word' id='word_1_200' title='bbox 291 3295 428 3358; x_wconf 78' lang='lat' dir='ltr'>omnium</span> <span class='ocrx_word' id='word_1_201' title='bbox 446 3296 612 3360; x_wconf 90' lang='lat' dir='ltr'>hominum</span> <span class='ocrx_word' id='word_1_202' title='bbox 633 3296 732 3383; x_wconf 86' lang='lat' dir='ltr'>falsae</span> <span class='ocrx_word' id='word_1_203' title='bbox 751 3297 946 3379; x_wconf 88' lang='lat' dir='ltr'>suspitiones</span> <span class='ocrx_word' id='word_1_204' title='bbox 959 3303 1023 3358; x_wconf 89' lang='lat' dir='ltr'>tam</span> <span class='ocrx_word' id='word_1_205' title='bbox 1035 3296 1201 3360; x_wconf 85' lang='lat' dir='ltr'>funestum</span> <span class='ocrx_word' id='word_1_206' title='bbox 1211 3296 1332 3383; x_wconf 89' lang='lat' dir='ltr'>habent</span> 
     </span>
     <span class='ocr_line' id='line_1_25' title="bbox 208 3408 1331 3493; baseline 0.002 -23"><span class='ocrx_word' id='word_1_207' title='bbox 208 3409 349 3488; x_wconf 76' lang='lat' dir='ltr'>exitum3</span> <span class='ocrx_word' id='word_1_208' title='bbox 381 3409 414 3470; x_wconf 90' lang='lat' dir='ltr'>in</span> <span class='ocrx_word' id='word_1_209' title='bbox 437 3408 580 3491; x_wconf 83' lang='lat' dir='ltr'>Agesilai</span> <span class='ocrx_word' id='word_1_210' title='bbox 604 3414 711 3472; x_wconf 89' lang='lat' dir='ltr'>autem</span> <span class='ocrx_word' id='word_1_211' title='bbox 734 3414 922 3491; x_wconf 89' lang='lat' dir='ltr'>argumento</span> <span class='ocrx_word' id='word_1_212' title='bbox 947 3430 966 3472; x_wconf 93' lang='lat' dir='ltr'>a</span> <span class='ocrx_word' id='word_1_213' title='bbox 989 3411 1177 3493; x_wconf 90' lang='lat' dir='ltr'>pronomine</span> <span class='ocrx_word' id='word_1_214' title='bbox 1202 3409 1331 3473; x_wconf 90' lang='lat' dir='ltr'>demon-</span> 
     </span>
     <span class='ocr_line' id='line_1_26' title="bbox 168 3520 1333 3604; baseline 0 -20"><span class='ocrx_word' id='word_1_215' title='bbox 168 3565 172 3570; x_wconf 87' lang='lat'>·</span> <span class='ocrx_word' id='word_1_216' title='bbox 205 3522 340 3584; x_wconf 79' lang='lat' dir='ltr'>stratiro</span> <span class='ocrx_word' id='word_1_217' title='bbox 362 3540 449 3583; x_wconf 89' lang='lat' dir='ltr'>nova</span> <span class='ocrx_word' id='word_1_218' title='bbox 472 3526 521 3584; x_wconf 87' lang='lat' dir='ltr'>est</span> <span class='ocrx_word' id='word_1_219' title='bbox 542 3521 724 3604; x_wconf 87' lang='lat' dir='ltr'>incipienda</span> <span class='ocrx_word' id='word_1_220' title='bbox 744 3521 910 3602; x_wconf 87' lang='lat' dir='ltr'>sententia,</span> <span class='ocrx_word' id='word_1_221' title='bbox 931 3522 1008 3603; x_wconf 92' lang='lat' dir='ltr'>quia</span> <span class='ocrx_word' id='word_1_222' title='bbox 1026 3520 1110 3584; x_wconf 89' lang='lat' dir='ltr'>bello</span> <span class='ocrx_word' id='word_1_223' title='bbox 1132 3527 1209 3603; x_wconf 87' lang='lat' dir='ltr'>crtc,</span> <span class='ocrx_word' id='word_1_224' title='bbox 1227 3541 1333 3584; x_wconf 76' lang='lat' dir='ltr'>omncs</span> 
     </span>
     <span class='ocr_line' id='line_1_27' title="bbox 208 3633 1332 3717; baseline 0.002 -21"><span class='ocrx_word' id='word_1_225' title='bbox 208 3653 281 3706; x_wconf 88' lang='lat' dir='ltr'>cum</span> <span class='ocrx_word' id='word_1_226' title='bbox 305 3633 447 3697; x_wconf 80' lang='lat' dir='ltr'>omnibus</span> <span class='ocrx_word' id='word_1_227' title='bbox 468 3633 657 3717; x_wconf 85' lang='lat' dir='ltr'>hospitibus,</span> <span class='ocrx_word' id='word_1_228' title='bbox 681 3635 736 3716; x_wconf 90' lang='lat' dir='ltr'>qui</span> <span class='ocrx_word' id='word_1_229' title='bbox 755 3635 790 3695; x_wconf 93' lang='lat' dir='ltr'>in</span> <span class='ocrx_word' id='word_1_230' title='bbox 813 3635 941 3697; x_wconf 84' lang='lat' dir='ltr'>civitate</span> <span class='ocrx_word' id='word_1_231' title='bbox 960 3634 1069 3706; x_wconf 90' lang='lat' dir='ltr'>hostili</span> <span class='ocrx_word' id='word_1_232' title='bbox 1088 3640 1174 3715; x_wconf 86' lang='lat' dir='ltr'>sunt,</span> <span class='ocrx_word' id='word_1_233' title='bbox 1186 3654 1332 3717; x_wconf 89' lang='lat' dir='ltr'>pugnare</span> 
     </span>
     <span class='ocr_line' id='line_1_28' title="bbox 209 3741 1330 3830; baseline -0.002 -20"><span class='ocrx_word' id='word_1_234' title='bbox 209 3743 332 3811; x_wconf 88' lang='lat' dir='ltr'>dehent.</span> <span class='ocrx_word' id='word_1_235' title='bbox 348 3741 397 3810; x_wconf 77' lang='lat' dir='ltr'>‘Et</span> <span class='ocrx_word' id='word_1_236' title='bbox 419 3746 570 3830; x_wconf 90' lang='lat' dir='ltr'>quoniam</span> <span class='ocrx_word' id='word_1_237' title='bbox 590 3747 689 3811; x_wconf 89' lang='lat' dir='ltr'>semel</span> <span class='ocrx_word' id='word_1_238' title='bbox 707 3748 741 3809; x_wconf 91' lang='lat' dir='ltr'>in</span> <span class='ocrx_word' id='word_1_239' title='bbox 753 3747 814 3810; x_wconf 90' lang='lat' dir='ltr'>hac</span> <span class='ocrx_word' id='word_1_240' title='bbox 825 3766 937 3810; x_wconf 87' lang='lat' dir='ltr'>versor</span> <span class='ocrx_word' id='word_1_241' title='bbox 949 3748 1100 3828; x_wconf 88' lang='lat' dir='ltr'>oratione,</span> <span class='ocrx_word' id='word_1_242' title='bbox 1113 3747 1330 3810; x_wconf 84' lang='lat' dir='ltr'>demonstrare</span> 
     </span>
     <span class='ocr_line' id='line_1_29' title="bbox 207 3857 1331 3944; baseline 0.002 -24"><span class='ocrx_word' id='word_1_243' title='bbox 207 3859 290 3941; x_wconf 87' lang='lat' dir='ltr'>volc,</span> <span class='ocrx_word' id='word_1_244' title='bbox 322 3879 418 3942; x_wconf 88' lang='lat' dir='ltr'>quam</span> <span class='ocrx_word' id='word_1_245' title='bbox 449 3860 575 3942; x_wconf 88' lang='lat' dir='ltr'>egregia</span> <span class='ocrx_word' id='word_1_246' title='bbox 607 3862 718 3921; x_wconf 86' lang='lat' dir='ltr'>utatur</span> <span class='ocrx_word' id='word_1_247' title='bbox 740 3860 879 3942; x_wconf 83' lang='lat' dir='ltr'>imagine</span> <span class='ocrx_word' id='word_1_248' title='bbox 903 3857 1082 3942; x_wconf 83' lang='lat' dir='ltr'>Agesilaus.</span> <span class='ocrx_word' id='word_1_249' title='bbox 1108 3857 1139 3921; x_wconf 82' lang='lat' dir='ltr'>Si</span> <span class='ocrx_word' id='word_1_250' title='bbox 1166 3857 1331 3944; x_wconf 83' lang='lat' dir='ltr'>Spartaci</span> 
     </span>
     <span class='ocr_line' id='line_1_30' title="bbox 207 3970 1331 4056; baseline -0.001 -21"><span class='ocrx_word' id='word_1_251' title='bbox 207 3972 353 4036; x_wconf 85' lang='lat' dir='ltr'>Athenae</span> <span class='ocrx_word' id='word_1_252' title='bbox 373 3992 398 4036; x_wconf 90' lang='lat' dir='ltr'>e.</span> <span class='ocrx_word' id='word_1_253' title='bbox 422 3993 467 4056; x_wconf 89' lang='lat' dir='ltr'>gr.</span> <span class='ocrx_word' id='word_1_254' title='bbox 492 3971 610 4035; x_wconf 89' lang='lat' dir='ltr'>bellum</span> <span class='ocrx_word' id='word_1_255' title='bbox 634 3976 752 4054; x_wconf 89' lang='lat' dir='ltr'>gerunt</span> <span class='ocrx_word' id='word_1_256' title='bbox 774 3970 922 4054; x_wconf 86' lang='lat' dir='ltr'>Spartani</span> <span class='ocrx_word' id='word_1_257' title='bbox 943 3971 1085 4054; x_wconf 87' lang='lat' dir='ltr'>hospites</span> <span class='ocrx_word' id='word_1_258' title='bbox 1107 3991 1173 4034; x_wconf 90' lang='lat' dir='ltr'>non</span> <span class='ocrx_word' id='word_1_259' title='bbox 1197 3977 1331 4054; x_wconf 87' lang='lat' dir='ltr'>possunt</span> 
     </span>
     <span class='ocr_line' id='line_1_31' title="bbox 207 4081 1331 4166; baseline -0.001 -19"><span class='ocrx_word' id='word_1_260' title='bbox 207 4083 461 4149; x_wconf 90' lang='lat' dir='ltr'>Atheniensibus</span> <span class='ocrx_word' id='word_1_261' title='bbox 483 4084 630 4147; x_wconf 90' lang='lat' dir='ltr'>hostibus</span> <span class='ocrx_word' id='word_1_262' title='bbox 652 4102 796 4166; x_wconf 88' lang='lat' dir='ltr'>parcere:</span> <span class='ocrx_word' id='word_1_263' title='bbox 821 4102 910 4145; x_wconf 91' lang='lat' dir='ltr'>nunc</span> <span class='ocrx_word' id='word_1_264' title='bbox 932 4081 1053 4145; x_wconf 89' lang='lat' dir='ltr'>bellum</span> <span class='ocrx_word' id='word_1_265' title='bbox 1072 4088 1120 4146; x_wconf 89' lang='lat' dir='ltr'>est</span> <span class='ocrx_word' id='word_1_266' title='bbox 1139 4085 1222 4147; x_wconf 89' lang='lat' dir='ltr'>inter</span> <span class='ocrx_word' id='word_1_267' title='bbox 1235 4082 1331 4146; x_wconf 81' lang='lat' dir='ltr'>Grae-</span> 
     </span>
     <span class='ocr_line' id='line_1_32' title="bbox 167 4193 1329 4279; baseline -0.003 -18"><span class='ocrx_word' id='word_1_268' title='bbox 167 4225 170 4231; x_wconf 77' lang='lat'>,</span> <span class='ocrx_word' id='word_1_269' title='bbox 208 4199 288 4261; x_wconf 91' lang='lat' dir='ltr'>ciam</span> <span class='ocrx_word' id='word_1_270' title='bbox 319 4198 432 4278; x_wconf 87' lang='lat' dir='ltr'>(videri</span> <span class='ocrx_word' id='word_1_271' title='bbox 456 4199 539 4260; x_wconf 90' lang='lat' dir='ltr'>enim</span> <span class='ocrx_word' id='word_1_272' title='bbox 564 4196 634 4259; x_wconf 89' lang='lat' dir='ltr'>vult</span> <span class='ocrx_word' id='word_1_273' title='bbox 656 4194 826 4279; x_wconf 90' lang='lat' dir='ltr'>Agesilaus</span> <span class='ocrx_word' id='word_1_274' title='bbox 849 4198 946 4257; x_wconf 83' lang='lat' dir='ltr'>totam</span> <span class='ocrx_word' id='word_1_275' title='bbox 969 4193 1134 4259; x_wconf 81' lang='lat' dir='ltr'>Graeciam</span> <span class='ocrx_word' id='word_1_276' title='bbox 1159 4196 1329 4278; x_wconf 87' lang='lat' dir='ltr'>Agamem-</span> 
     </span>
     <span class='ocr_line' id='line_1_33' title="bbox 209 4308 1330 4394; baseline 0 -20"><span class='ocrx_word' id='word_1_277' title='bbox 209 4313 303 4376; x_wconf 86' lang='lat' dir='ltr'>nonis</span> <span class='ocrx_word' id='word_1_278' title='bbox 333 4313 434 4375; x_wconf 85' lang='lat' dir='ltr'>instar</span> <span class='ocrx_word' id='word_1_279' title='bbox 457 4311 498 4374; x_wconf 91' lang='lat' dir='ltr'>ad</span> <span class='ocrx_word' id='word_1_280' title='bbox 521 4310 753 4394; x_wconf 87' lang='lat' dir='ltr'>oppugnandos</span> <span class='ocrx_word' id='word_1_281' title='bbox 777 4308 927 4372; x_wconf 87' lang='lat' dir='ltr'>barbaros</span> <span class='ocrx_word' id='word_1_282' title='bbox 952 4308 1114 4391; x_wconf 86' lang='lat' dir='ltr'>eduxisse)</span> <span class='ocrx_word' id='word_1_283' title='bbox 1139 4315 1170 4373; x_wconf 86' lang='lat' dir='ltr'>et</span> <span class='ocrx_word' id='word_1_284' title='bbox 1191 4309 1330 4394; x_wconf 89' lang='lat' dir='ltr'>Regem:</span> 
     </span>
    </p>
   </div>
   <div class='ocr_carea' id='block_1_5' title="bbox 0 0 1670 5262">
    <p class='ocr_par' dir='ltr' id='par_1_5' title="bbox 0 0 1670 5262">
     <span class='ocr_line' id='line_1_34' title="bbox 0 0 1670 5262; baseline 0 2"><span class='ocrx_word' id='word_1_285' title='bbox 0 0 1670 5262; x_wconf 95' lang='lat' dir='ltr'> </span> 
     </span>
    </p>
   </div>
  </div>
 </body>
</html>
