3354 5268
878 609 918 673 16

339 801 437 882 paret,
471 815 546 862 eum
580 799 655 860 utut
683 814 734 859 res
764 794 825 858 fert
855 794 950 878 aequi
972 792 1113 877 bonique
1135 793 1303 859 consulere
1324 799 1456 879 oportet.

340 908 403 974 Sed
436 908 493 973 ubi
525 907 580 971 alii
614 907 735 971 homini
771 907 847 970 satis
882 906 987 989 operis
1018 910 1066 970 est
1096 925 1208 970 carnos
1239 925 1387 990 coquere,
1409 906 1464 970 alii

340 1039 455 1102 assare,
479 1020 534 1084 alii
556 1019 659 1103 pisces
681 1037 828 1101 coquere,
847 1018 900 1082 alii
921 1037 1036 1100 assare,
1048 1018 1102 1082 alii
1121 1036 1219 1102 panes
1231 1017 1344 1100 fecere,
1357 1036 1464 1102 neque

341 1152 453 1198 eorum
486 1133 593 1196 omnia
626 1149 751 1215 genera,
787 1131 844 1194 sed
876 1129 1004 1211 sufficit,
1036 1132 1064 1194 si
1094 1131 1188 1195 modo
1213 1149 1315 1194 unum
1339 1131 1464 1215 egregie

341 1249 490 1330 paratum
519 1243 669 1328 praebere
700 1245 787 1326 sciat,
811 1243 857 1306 ibi
880 1261 1011 1308 necesse
1034 1248 1082 1308 est
1105 1261 1265 1327 quemque
1290 1242 1397 1308 cibum
1420 1245 1465 1308 ita

340 1357 410 1422 fieri
435 1377 532 1441 quam
555 1356 742 1441 optimum”.
766 1356 865 1421 Hunc
888 1358 976 1421 enim
1001 1357 1107 1423 locum
1131 1358 1242 1442 legens
1265 1363 1297 1422 et
1319 1358 1464 1442 relegens

343 1489 385 1534 ex
407 1468 550 1534 Platonis
573 1489 647 1534 cum
670 1469 886 1553 Xenophonte
909 1470 1143 1552 comparatione
1165 1470 1226 1532 hoc
1245 1488 1297 1533 me
1316 1469 1465 1534 didicisse

343 1583 447 1664 oredo,
470 1583 556 1647 haud
579 1582 675 1646 semel
699 1582 860 1647 Socratem
883 1582 993 1646 amicis
1018 1581 1087 1646 suis
1109 1582 1354 1664 demonstrasse,
1368 1601 1464 1664 quam

345 1695 423 1760 utile
454 1701 545 1778 esset,
571 1695 598 1758 si
627 1696 662 1757 in
685 1714 750 1758 una
775 1713 809 1758 re
832 1696 1057 1778 unusquisque
1081 1713 1115 1758 se
1136 1698 1307 1776 exerceret,
1330 1713 1467 1778 eamque

345 1806 483 1874 Socratis
513 1808 689 1873 doctrinam
722 1808 762 1871 de
788 1806 906 1871 laboris
931 1807 1097 1890 divisione,
1121 1813 1158 1871 nt
1181 1826 1270 1870 nunc
1293 1807 1467 1891 loquimur,

345 1921 473 1985 Platoni
505 1940 562 2004 pro
591 1921 800 1985 fundamento
830 1919 938 2003 fuisse,
961 1922 996 1983 in
1021 1939 1085 2002 quo
1107 1919 1350 2005 Rempublicam
1373 1940 1465 1985 suam

346 2033 535 2099 aedificaret.

391 2146 487 2211 Nunc
510 2147 551 2210 ad
570 2147 734 2211 Anabasin
756 2152 892 2229 transeo,
911 2147 1117 2230 primumque
1136 2147 1286 2212 lectorem
1298 2147 1468 2213 admonere

346 2260 420 2325 volo
443 2259 696 2324 iucundissimae
718 2258 804 2323 lectu
823 2259 1048 2342 disputationis
1067 2260 1150 2323 inter
1162 2257 1356 2324 Graecorum
1368 2260 1467 2325 duces

348 2378 379 2438 et
400 2371 497 2456 Regis
518 2372 660 2456 legatum
684 2369 865 2435 Phelinum.
888 2371 1033 2435 Profecto
1057 2371 1201 2436 abiectus
1221 2372 1275 2436 ille
1294 2373 1389 2438 homo
1410 2378 1467 2449 ott,

350 2488 406 2570 qui
435 2488 470 2550 in
501 2486 574 2550 aula
604 2485 789 2549 servitutem
821 2486 946 2566 serviat,
969 2489 1000 2548 et
1030 2485 1116 2568 apud
1138 2484 1257 2568 Regem
1282 2486 1316 2549 in
1341 2503 1468 2550 summo

349 2601 391 2663 sit
414 2598 541 2679 honore,
564 2596 772 2679 moribusque
792 2598 861 2660 eius
884 2596 983 2660 oratio
1007 2597 1192 2680 respondet:
1213 2599 1357 2681 magistri
1374 2597 1468 2662 iussu

350 2732 369 2775 a
402 2709 610 2795 popularibus
645 2710 713 2772 suis
747 2710 847 2792 poscit
883 2714 917 2773 ut
947 2728 1035 2772 arma
1064 2709 1208 2788 tredant;
1242 2711 1385 2792 magistri
1416 2710 1468 2773 sui

351 2828 487 2889 ostentat
518 2823 602 2886 vires
631 2826 899 2912 potestatemque:
932 2824 963 2883 et
990 2819 1246 2904 Xenophontem,
1270 2826 1307 2884 ut
1329 2821 1466 2885 liberum

351 2938 513 3002 hominem
535 2923 566 3001 et
584 2935 808 3019 philosophum
829 2935 926 3016 decet,
937 2933 1182 3017 respondentem
1195 2934 1344 3018 superbia
1355 2935 1469 2999 vernili

351 3049 488 3128 deridet,
511 3066 617 3131 neque
640 3067 712 3112 eum
739 3045 881 3110 Clearchi
905 3052 1010 3110 movet
1033 3046 1115 3110 ienis
1137 3048 1257 3127 ironiu3
1283 3067 1347 3112 non
1369 3049 1468 3132 pudet

352 3163 513 3225 hominem
547 3160 609 3224 sibi
643 3159 682 3223 ab
714 3178 750 3223 eo
782 3160 893 3223 obiici:
930 3164 993 3240 ,tu
1016 3160 1102 3223 enim
1127 3158 1268 3225 Graecus
1291 3180 1335 3242 es,
1358 3167 1389 3226 et
1412 3181 1470 3226 nos

353 3292 483 3357 quoque
513 3278 672 3357 quotquot
701 3271 821 3354 vides'’‚
845 3272 1023 3355 sedesque
1046 3271 1205 3337 adfinem
1228 3272 1359 3339 Domini
1383 3295 1470 3340 man-

354 3386 427 3448 data
448 3386 578 3468 peragit.
600 3385 723 3448 Verum
747 3403 788 3448 ex
812 3389 877 3448 tota
900 3385 939 3448 de
962 3383 1097 3448 Phalino
1121 3387 1301 3450 narratione
1319 3407 1356 3451 ea
1375 3387 1472 3452 verba

354 3497 405 3561 vel
429 3498 560 3560 maximi
584 3498 664 3560 mihi
685 3497 839 3562 momenti
860 3516 929 3561 esse
949 3498 1108 3580 videntur,
1128 3499 1247 3582 quibus
1267 3500 1472 3583 significatur,

356 3630 420 3694 qua
451 3611 490 3674 de
520 3629 617 3674 cansa
646 3611 681 3672 in
705 3630 779 3674 eum
801 3611 930 3674 honoris
953 3611 1088 3694 gradum
1113 3612 1318 3678 adscenderit
1346 3614 1472 3695 ,Profi-

356 3723 481 3787 tebatur
511 3724 596 3787 enim
620 3741 654 3787 se
676 3724 814 3806 peritum
837 3743 908 3788 csse
931 3743 1041 3788 earum
1064 3743 1182 3806 rerum,
1205 3745 1288 3809 quae
1311 3727 1350 3791 ad
1374 3722 1473 3800 retica

356 3842 388 3900 et
417 3834 612 3913 ὁπλομαχίαν
635 3835 857 3920 pertinerent‘’.
880 3834 972 3917 Nem,
995 3856 1191 3920 quamquam
1215 3857 1252 3902 ee
1273 3839 1371 3903 verba
1393 3859 1472 3903 non·

356 3948 455 4012 nuliis
490 3949 592 4012 videri
625 3954 761 4032 possunt
795 3968 831 4013 co
862 3948 931 4012 loco
964 3949 1136 4013 admodum
1159 3951 1286 4015 inutilia
1308 3971 1385 4034 esse,
1408 3972 1472 4015 non

357 4061 552 4145 imprudenti
570 4060 777 4145 Xenophonti
797 4062 993 4126 exciderunt.
1012 4062 1184 4126 Testificeri
1197 4066 1281 4128 enim
1294 4084 1368 4128 enm
1380 4065 1473 4130 credo

357 4174 507 4256 voluisse,
537 4173 599 4238 sibi
629 4193 758 4259 quoque
788 4174 951 4258 despectui
978 4192 1047 4238 esse
1068 4174 1150 4238 illud
1172 4195 1275 4259 genus
1298 4177 1474 4259 hominum,

360 4306 441 4372 quos
470 4286 615 4354 Socrates
644 4294 807 4370 tantopere
830 4291 1053 4352 contemneret
1076 4287 1149 4352 Non
1173 4291 1257 4353 euim
1282 4290 1385 4354 solnm
1409 4291 1474 4355 huc
