3354 5268
855 603 897 666 88

317 789 415 856 verba
436 786 467 861 a
492 825 533 836 -
557 785 693 867 εἀύχεσο
717 788 829 853 abesse
852 788 979 852 malim:
1003 787 1119 852 melius
1142 788 1228 851 onim
1250 789 1311 851 boc
1329 787 1442 851 lectori

317 924 360 970 ex
381 907 452 989 ipsa
474 904 656 967 narratione
678 901 848 987 apparebit.

361 1017 418 1101 VI,
439 1018 480 1080 29
504 1015 610 1098 „Rern
630 1016 772 1080 divinam
791 1014 942 1081 facienti''
955 1017 1000 1079 ita
1010 1015 1192 1099 Xenophon
1205 1019 1312 1078 narrat
1334 1014 1440 1096 ,Sila-

318 1151 381 1196 nus
405 1131 572 1196 consultus
593 1131 671 1193 mihi
688 1129 853 1214 respondit
870 1129 911 1206 id,
931 1129 1018 1212 quod
1038 1129 1173 1192 maximi
1193 1133 1261 1192 erat
1279 1130 1443 1211 momenti,

317 1244 423 1310 fausta
453 1263 523 1308 esse
553 1263 661 1323 τούτοις
693 1246 810 1327 (neque
833 1248 955 1327 poterat
977 1242 1038 1306 hoo
1061 1244 1189 1326 negare)
1213 1241 1333 1306 sciebat
1355 1243 1443 1306 onim

318 1377 379 1441 me,
410 1359 467 1442 qui
499 1376 624 1441 semper
655 1356 820 1422 sacrificiis
852 1356 1007 1439 adessem,
1030 1375 1141 1420 eorum
1169 1376 1234 1420 non
1257 1357 1444 1439 imperitum

320 1492 397 1538 esse.
428 1468 510 1545 ἔλεξε
538 1470 569 1535 δὲ
595 1467 637 1535 ὅτι
659 1471 689 1534 ἕν
712 1477 773 1542 τοῖς
795 1469 876 1550 ἱεροῖς
898 1468 1031 1551 φαίνοιτό
1054 1493 1098 1542 τις
1122 1468 1203 1542 δόλος
1225 1468 1276 1534 καὶ
1300 1468 1443 1546 ἐπιβουλὴ

319 1584 393 1664 ἐμοί,
418 1586 455 1656 ὥς
478 1582 537 1665 ἄρα
558 1584 728 1662 γιγνώσκων
751 1581 793 1648 i'rr
817 1583 906 1656 αὐτὸς
929 1582 1104 1661 ἐπεβούλευε
1126 1582 1300 1661 διαβάλλειν
1320 1606 1360 1662 με
1374 1585 1445 1664 πρὸς

320 1697 433 1775 ύμοῖς.”
458 1698 628 1783 Ingeniosa
653 1696 792 1762 Cobetue
814 1716 872 1781 pro
892 1697 930 1767 ὥς
948 1693 1006 1776 ἄρα
1025 1695 1193 1775 γιγνώσκων
1212 1699 1353 1761 restituit
1364 1695 1445 1768 εἰδὼς

320 1807 394 1891 ύρας
430 1803 487 1875 sed
517 1811 568 1875 vel
600 1812 646 1875 sio
673 1810 745 1874 leve
769 1810 930 1894 quoddam
954 1811 1069 1874 vitium
1091 1816 1242 1874 remanet
1267 1809 1335 1874 Sibi
1358 1812 1445 1874 enim

323 1927 392 2009 ipse
424 1924 607 2008 obloquitur
638 1922 776 2005 Silanus,
800 1924 857 2007 qui
883 1929 914 1988 et
935 1923 1043 1988 fausta
1064 1943 1154 1988 sacra
1177 1942 1256 2005 esse,
1280 1929 1310 1987 et
1333 1924 1445 1988 dolum

322 2038 521 2122 insidiasque
543 2039 584 2102 iis
606 2036 752 2121 portendi
777 2037 868 2101 dicat.
892 2035 949 2101 Sin
971 2041 1043 2120 post
1062 2032 1145 2109 ἔλεξε
1163 2033 1194 2099 δέ
1213 2037 1446 2100 inseruerimus

322 2151 375 2216 καί
407 2128 514 2216 ornnia
548 2157 633 2216 recte
667 2170 701 2215 se
733 2150 914 2216 habebunt:
946 2151 993 2214 sic
1022 2152 1107 2214 enim
1140 2151 1178 2214 de
1200 2155 1266 2214 toto
1290 2149 1445 2215 sacrificio
1513 2133 1515 2136 ’

324 2265 500 2330 affirmasse
522 2265 655 2347 dicetur,
679 2265 766 2348 quod
789 2271 820 2329 et
842 2263 1026 2348 Xenophon
1050 2265 1156 2328 videre
1179 2269 1295 2348 posset,
1314 2264 1371 2328 sed
1389 2284 1446 2348 pro

324 2399 384 2444 sua
417 2379 536 2443 eximia
567 2357 737 2462 prudentia
767 2377 888 2461 aliquid
912 2377 1074 2458 adiecisse,
1098 2377 1185 2460 quod
1208 2376 1304 2440 illum
1326 2377 1448 2454 lateret,

324 2509 459 2574 eamque
481 2491 584 2575 ipsam
609 2491 761 2555 eximiam
784 2489 886 2554 Silani
909 2490 1112 2574 prudentiam
1131 2489 1244 2554 festive
1264 2489 1447 2573 Xenophon

325 2603 456 2680 deridet,

369 2716 443 2800 VH,
467 2718 496 2780 2.
519 2717 641 2781 Audito
665 2716 912 2801 Xenophontem
937 2717 1105 2782 consilium
1131 2718 1253 2801 cepisse
1277 2717 1385 2801 copias
1408 2717 1447 2780 ad

325 2831 445 2895 Phasin
487 2831 670 2914 reducendi,
704 2832 845 2914 graviter
878 2830 1022 2895 ferebant
1055 2831 1190 2896 milites:
1226 2830 1276 2893 rat
1310 2829 1448 2907 σύλλογον

326 2941 456 3022 ἐγένοντο
479 2941 532 3006 καὶ
556 2941 654 3006 κύκλον
678 2942 858 3015 συνίσταντο,
883 2940 935 3006 καὶ
959 2941 1047 3021 αοὶλα
1072 2942 1192 3024 φοβεροὶ
1217 2937 1291 3016 ἦσαν
1310 2943 1352 3021 μὴ
1366 2944 1448 3017 ταύ-

327 3079 407 3120 σεναν
430 3049 475 3120 οἶα
498 3055 636 3128 καὶτοὺς
659 3058 715 3119 τῶν
740 3053 864 3134 Κόλχων
887 3055 1014 3136 κήρυκος
1032 3055 1170 3130 ἐποίησαν
1190 3055 1241 3120 καὶ
1261 3056 1449 3138 aetatequ-

327 3168 440 3248 νόμους.
476 3167 533 3233 ὅσον
569 3168 612 3247 μὴ
648 3168 689 3241 εἰς
723 3168 775 3241 τὴν
810 3167 963 3234 ύοέλατταν
997 3169 1168 3250 κατέφυγον
1203 3169 1449 3243 κατελεύσθησαν.

327 3283 517 3348 Rectissime
548 3282 766 3348 Rehdantzius
789 3283 887 3348 verba
909 3281 966 3347 ὅσα
992 3323 1033 3330 -
1056 3284 1292 3358 κατελεύσθησαν
1317 3286 1452 3350 delenda

329 3417 399 3462 esse
428 3401 545 3479 censet,
578 3396 633 3460 sed
657 3397 801 3461 nondum
825 3398 904 3462 mihi
927 3398 1096 3463 satisfacit:
1121 3399 1215 3463 credo
1239 3401 1325 3463 enim
1349 3405 1451 3463 totum

329 3512 446 3593 locum,
483 3529 547 3593 quo
579 3509 618 3573 de
648 3510 719 3574 istis
742 3510 855 3598 legatis
879 3517 909 3575 et
932 3531 1040 3576 rerum
1063 3514 1226 3576 venalium
1250 3514 1452 3578 curatoribus

329 3626 444 3708 agitur,
477 3624 496 3685 i.
509 3641 534 3686 e.
569 3622 644 3686 inde
675 3643 694 3686 a
723 3623 830 3688 verbis
861 3622 911 3687 aad
942 3622 1031 3700 μύλα
1061 3623 1189 3704 φοβεροί,
1212 3627 1265 3689 hic
1287 3626 1363 3689 ferri
1387 3646 1453 3690 non

330 3755 432 3821 posse.
456 3735 540 3800 Nam
563 3736 644 3798 mihi
667 3736 795 3800 videtur
818 3736 987 3801 artificiose
1010 3743 1041 3801 et
1063 3738 1224 3821 eleganter
1246 3738 1286 3802 de
1303 3737 1453 3802 illamili-

331 3858 401 3914 tum
424 3849 625 3913 immodestia
648 3850 682 3911 in
702 3851 772 3933 ipsa
791 3852 972 3914 narratione
992 3853 1139 3933 tacuisse,
1151 3870 1286 3936 eamque
1296 3855 1453 3936 integram

333 3963 469 4027 orationi
500 3980 692 4044 reservasse,
723 3981 787 4045 quo
817 3963 890 4046 plus
924 3963 1112 4047 vituperatio
1143 3963 1273 4029 haberet
1294 3965 1453 4048 ponderis.

334 4074 413 4151 Quis
437 4076 522 4138 enim
544 4075 681 4157 negabit,
701 4075 803 4139 multo
823 4077 930 4140 minus
951 4095 988 4140 ea
1008 4079 1151 4141 oratione
1163 4079 1284 4141 moveri
1295 4078 1454 4161 lectorem,

334 4191 387 4253 cui
409 4191 472 4252 iam
495 4193 608 4252 notum
629 4191 670 4252 sit
688 4190 776 4253 istud
797 4190 934 4254 militurn
954 4189 1088 4272 facinus,
1108 4211 1204 4274 quarn
1225 4193 1282 4274 qui
1295 4191 1455 4255 nihildum

333 4303 373 4369 de
406 4321 442 4366 eo
473 4303 682 4389 cognoverit?
714 4302 847 4367 Accedit
879 4303 965 4391 quod
990 4303 1086 4370 verba
1109 4304 1187 4367 mihi
1210 4311 1357 4392 suspecta
1380 4325 1454 4373 cum
