<?xml version="1.0" encoding="UTF-8"?>
<!DOCTYPE html PUBLIC "-//W3C//DTD XHTML 1.0 Transitional//EN"
    "http://www.w3.org/TR/xhtml1/DTD/xhtml1-transitional.dtd">
<html xmlns="http://www.w3.org/1999/xhtml" xml:lang="en" lang="en">
 <head>
  <title>
</title>
<meta http-equiv="Content-Type" content="text/html;charset=utf-8" />
  <meta name='ocr-system' content='tesseract 3.04.00' />
  <meta name='ocr-capabilities' content='ocr_page ocr_carea ocr_par ocr_line ocrx_word'/>
</head>
<body>
  <div class='ocr_page' id='page_1' title='image "./analectaxenopho00hartgoog_0030.png"; bbox 0 0 3354 5268; ppageno 0'>
   <div class='ocr_carea' id='block_1_1' title="bbox 754 609 795 670">
    <p class='ocr_par' dir='ltr' id='par_1_1' title="bbox 754 609 795 670">
     <span class='ocr_line' id='line_1_1' title="bbox 754 609 795 670; baseline 0 0"><span class='ocrx_word' id='word_1_1' title='bbox 754 609 795 670; x_wconf 82' lang='lat'>15</span> 
     </span>
    </p>
   </div>
   <div class='ocr_carea' id='block_1_2' title="bbox 207 789 1336 4379">
    <p class='ocr_par' dir='ltr' id='par_1_2' title="bbox 208 789 1332 987">
     <span class='ocr_line' id='line_1_2' title="bbox 209 789 1332 878; baseline 0.005 -24"><span class='ocrx_word' id='word_1_2' title='bbox 209 789 432 871; x_wconf 87' lang='lat' dir='ltr'>adscriberem,</span> <span class='ocrx_word' id='word_1_3' title='bbox 461 790 526 855; x_wconf 85' lang='lat' dir='ltr'>nisi</span> <span class='ocrx_word' id='word_1_4' title='bbox 558 790 832 874; x_wconf 86' lang='lat' dir='ltr'>elegantissimum</span> <span class='ocrx_word' id='word_1_5' title='bbox 855 796 982 875; x_wconf 88' lang='lat' dir='ltr'>poetam</span> <span class='ocrx_word' id='word_1_6' title='bbox 1006 793 1140 858; x_wconf 89' lang='lat' dir='ltr'>maculis</span> <span class='ocrx_word' id='word_1_7' title='bbox 1166 813 1332 878; x_wconf 77' lang='lat' dir='ltr'>aspergere</span> 
     </span>
     <span class='ocr_line' id='line_1_3' title="bbox 208 901 1332 987; baseline 0.005 -25"><span class='ocrx_word' id='word_1_8' title='bbox 208 921 343 966; x_wconf 85' lang='lat' dir='ltr'>vererer.</span> <span class='ocrx_word' id='word_1_9' title='bbox 366 901 464 965; x_wconf 88' lang='lat' dir='ltr'>Nunc</span> <span class='ocrx_word' id='word_1_10' title='bbox 488 901 586 966; x_wconf 89' lang='lat' dir='ltr'>lector</span> <span class='ocrx_word' id='word_1_11' title='bbox 609 901 767 966; x_wconf 84' lang='lat' dir='ltr'>Germana</span> <span class='ocrx_word' id='word_1_12' title='bbox 789 902 886 966; x_wconf 89' lang='lat' dir='ltr'>verba</span> <span class='ocrx_word' id='word_1_13' title='bbox 908 904 1049 968; x_wconf 88' lang='lat' dir='ltr'>conferat</span> <span class='ocrx_word' id='word_1_14' title='bbox 1068 905 1148 986; x_wconf 88' lang='lat' dir='ltr'>(Act.</span> <span class='ocrx_word' id='word_1_15' title='bbox 1168 905 1209 987; x_wconf 88' lang='lat' dir='ltr'>H,</span> <span class='ocrx_word' id='word_1_16' title='bbox 1228 925 1270 968; x_wconf 88' lang='lat' dir='ltr'>sc.</span> <span class='ocrx_word' id='word_1_17' title='bbox 1293 908 1332 986; x_wconf 87' lang='lat' dir='ltr'>l).</span> 
     </span>
    </p>

    <p class='ocr_par' dir='ltr' id='par_1_3' title="bbox 207 1013 1336 4379">
     <span class='ocr_line' id='line_1_4' title="bbox 253 1013 1333 1099; baseline 0.006 -23"><span class='ocrx_word' id='word_1_18' title='bbox 253 1013 411 1078; x_wconf 84' lang='lat' dir='ltr'>Novimus</span> <span class='ocrx_word' id='word_1_19' title='bbox 435 1033 546 1078; x_wconf 92' lang='lat' dir='ltr'>omnes</span> <span class='ocrx_word' id='word_1_20' title='bbox 570 1021 725 1097; x_wconf 89' lang='lat' dir='ltr'>quantum</span> <span class='ocrx_word' id='word_1_21' title='bbox 752 1035 865 1099; x_wconf 82' lang='lat' dir='ltr'>operae</span> <span class='ocrx_word' id='word_1_22' title='bbox 888 1016 1008 1080; x_wconf 85' lang='lat' dir='ltr'>dederit</span> <span class='ocrx_word' id='word_1_23' title='bbox 1032 1017 1133 1099; x_wconf 90' lang='lat' dir='ltr'>Plat0,</span> <span class='ocrx_word' id='word_1_24' title='bbox 1154 1024 1190 1081; x_wconf 92' lang='lat' dir='ltr'>ut</span> <span class='ocrx_word' id='word_1_25' title='bbox 1209 1020 1333 1083; x_wconf 88' lang='lat' dir='ltr'>iustitia</span> 
     </span>
     <span class='ocr_line' id='line_1_5' title="bbox 209 1128 1332 1214; baseline 0.004 -23"><span class='ocrx_word' id='word_1_26' title='bbox 209 1147 306 1211; x_wconf 89' lang='lat' dir='ltr'>quem</span> <span class='ocrx_word' id='word_1_27' title='bbox 341 1129 457 1192; x_wconf 88' lang='lat' dir='ltr'>mentis</span> <span class='ocrx_word' id='word_1_28' title='bbox 491 1128 650 1191; x_wconf 82' lang='lat' dir='ltr'>humanae</span> <span class='ocrx_word' id='word_1_29' title='bbox 685 1128 841 1194; x_wconf 91' lang='lat' dir='ltr'>obtineret</span> <span class='ocrx_word' id='word_1_30' title='bbox 873 1129 980 1193; x_wconf 92' lang='lat' dir='ltr'>locum</span> <span class='ocrx_word' id='word_1_31' title='bbox 1014 1135 1176 1213; x_wconf 85' lang='lat' dir='ltr'>statueret,</span> <span class='ocrx_word' id='word_1_32' title='bbox 1207 1138 1239 1195; x_wconf 92' lang='lat' dir='ltr'>et</span> <span class='ocrx_word' id='word_1_33' title='bbox 1268 1151 1332 1214; x_wconf 93' lang='lat' dir='ltr'>quo</span> 
     </span>
     <span class='ocr_line' id='line_1_6' title="bbox 209 1240 1333 1326; baseline 0.004 -22"><span class='ocrx_word' id='word_1_34' title='bbox 209 1240 304 1304; x_wconf 91' lang='lat' dir='ltr'>modo</span> <span class='ocrx_word' id='word_1_35' title='bbox 335 1259 372 1303; x_wconf 92' lang='lat' dir='ltr'>eo</span> <span class='ocrx_word' id='word_1_36' title='bbox 403 1259 467 1323; x_wconf 93' lang='lat' dir='ltr'>quo</span> <span class='ocrx_word' id='word_1_37' title='bbox 494 1241 639 1304; x_wconf 88' lang='lat' dir='ltr'>tenderet</span> <span class='ocrx_word' id='word_1_38' title='bbox 660 1243 857 1324; x_wconf 86' lang='lat' dir='ltr'>pervenerit:</span> <span class='ocrx_word' id='word_1_39' title='bbox 882 1242 958 1306; x_wconf 91' lang='lat' dir='ltr'>inde</span> <span class='ocrx_word' id='word_1_40' title='bbox 982 1245 1067 1306; x_wconf 92' lang='lat' dir='ltr'>enim</span> <span class='ocrx_word' id='word_1_41' title='bbox 1091 1243 1251 1326; x_wconf 84' lang='lat' dir='ltr'>profectus</span> <span class='ocrx_word' id='word_1_42' title='bbox 1275 1249 1333 1326; x_wconf 89' lang='lat' dir='ltr'>est,</span> 
     </span>
     <span class='ocr_line' id='line_1_7' title="bbox 209 1354 1333 1439; baseline 0.004 -22"><span class='ocrx_word' id='word_1_43' title='bbox 209 1358 246 1418; x_wconf 92' lang='lat' dir='ltr'>ut</span> <span class='ocrx_word' id='word_1_44' title='bbox 273 1359 413 1418; x_wconf 90' lang='lat' dir='ltr'>mentem</span> <span class='ocrx_word' id='word_1_45' title='bbox 444 1354 584 1418; x_wconf 89' lang='lat' dir='ltr'>hominis</span> <span class='ocrx_word' id='word_1_46' title='bbox 615 1373 689 1419; x_wconf 88' lang='lat' dir='ltr'>cum</span> <span class='ocrx_word' id='word_1_47' title='bbox 712 1355 839 1418; x_wconf 83' lang='lat' dir='ltr'>civitate</span> <span class='ocrx_word' id='word_1_48' title='bbox 863 1362 1059 1439; x_wconf 89' lang='lat' dir='ltr'>compararet</span> <span class='ocrx_word' id='word_1_49' title='bbox 1079 1362 1111 1420; x_wconf 91' lang='lat' dir='ltr'>et</span> <span class='ocrx_word' id='word_1_50' title='bbox 1134 1357 1213 1439; x_wconf 93' lang='lat' dir='ltr'>quid</span> <span class='ocrx_word' id='word_1_51' title='bbox 1236 1358 1270 1419; x_wconf 90' lang='lat' dir='ltr'>in</span> <span class='ocrx_word' id='word_1_52' title='bbox 1296 1377 1333 1421; x_wconf 90' lang='lat' dir='ltr'>ea</span> 
     </span>
     <span class='ocr_line' id='line_1_8' title="bbox 208 1468 1332 1551; baseline 0.003 -21"><span class='ocrx_word' id='word_1_53' title='bbox 208 1468 349 1533; x_wconf 87' lang='lat' dir='ltr'>iustitiae</span> <span class='ocrx_word' id='word_1_54' title='bbox 390 1487 472 1550; x_wconf 92' lang='lat' dir='ltr'>opus</span> <span class='ocrx_word' id='word_1_55' title='bbox 506 1473 590 1532; x_wconf 88' lang='lat' dir='ltr'>esset</span> <span class='ocrx_word' id='word_1_56' title='bbox 622 1471 793 1551; x_wconf 83' lang='lat' dir='ltr'>spectaret:</span> <span class='ocrx_word' id='word_1_57' title='bbox 829 1469 864 1532; x_wconf 89' lang='lat' dir='ltr'>id</span> <span class='ocrx_word' id='word_1_58' title='bbox 898 1473 1005 1548; x_wconf 90' lang='lat' dir='ltr'>autem</span> <span class='ocrx_word' id='word_1_59' title='bbox 1040 1470 1071 1532; x_wconf 90' lang='lat' dir='ltr'>ei</span> <span class='ocrx_word' id='word_1_60' title='bbox 1103 1489 1168 1532; x_wconf 91' lang='lat' dir='ltr'>non</span> <span class='ocrx_word' id='word_1_61' title='bbox 1203 1469 1332 1533; x_wconf 88' lang='lat' dir='ltr'>difficile</span> 
     </span>
     <span class='ocr_line' id='line_1_9' title="bbox 209 1582 1331 1664; baseline 0 -20"><span class='ocrx_word' id='word_1_62' title='bbox 209 1582 340 1664; x_wconf 86' lang='lat' dir='ltr'>cognitu</span> <span class='ocrx_word' id='word_1_63' title='bbox 363 1583 470 1645; x_wconf 89' lang='lat' dir='ltr'>visum</span> <span class='ocrx_word' id='word_1_64' title='bbox 493 1586 550 1662; x_wconf 89' lang='lat' dir='ltr'>est,</span> <span class='ocrx_word' id='word_1_65' title='bbox 573 1600 647 1644; x_wconf 90' lang='lat' dir='ltr'>nam</span> <span class='ocrx_word' id='word_1_66' title='bbox 671 1600 782 1645; x_wconf 91' lang='lat' dir='ltr'>omnes</span> <span class='ocrx_word' id='word_1_67' title='bbox 802 1582 836 1644; x_wconf 92' lang='lat' dir='ltr'>in</span> <span class='ocrx_word' id='word_1_68' title='bbox 857 1599 894 1644; x_wconf 92' lang='lat' dir='ltr'>ea</span> <span class='ocrx_word' id='word_1_69' title='bbox 912 1600 948 1645; x_wconf 92' lang='lat' dir='ltr'>re</span> <span class='ocrx_word' id='word_1_70' title='bbox 967 1583 1146 1645; x_wconf 89' lang='lat' dir='ltr'>consentire</span> <span class='ocrx_word' id='word_1_71' title='bbox 1159 1582 1331 1664; x_wconf 85' lang='lat' dir='ltr'>contendit,</span> 
     </span>
     <span class='ocr_line' id='line_1_10' title="bbox 210 1693 1331 1776; baseline 0.001 -19"><span class='ocrx_word' id='word_1_72' title='bbox 210 1699 246 1757; x_wconf 92' lang='lat' dir='ltr'>ut</span> <span class='ocrx_word' id='word_1_73' title='bbox 278 1693 439 1758; x_wconf 82' lang='lat' dir='ltr'>Iustitiam</span> <span class='ocrx_word' id='word_1_74' title='bbox 472 1694 507 1758; x_wconf 92' lang='lat' dir='ltr'>in</span> <span class='ocrx_word' id='word_1_75' title='bbox 541 1695 669 1757; x_wconf 87' lang='lat' dir='ltr'>civitate</span> <span class='ocrx_word' id='word_1_76' title='bbox 700 1695 736 1757; x_wconf 86' lang='lat' dir='ltr'>in</span> <span class='ocrx_word' id='word_1_77' title='bbox 768 1712 804 1758; x_wconf 91' lang='lat' dir='ltr'>eo</span> <span class='ocrx_word' id='word_1_78' title='bbox 836 1695 971 1776; x_wconf 88' lang='lat' dir='ltr'>spectari</span> <span class='ocrx_word' id='word_1_79' title='bbox 994 1699 1025 1757; x_wconf 92' lang='lat' dir='ltr'>et</span> <span class='ocrx_word' id='word_1_80' title='bbox 1048 1699 1193 1758; x_wconf 85' lang='lat' dir='ltr'>constare</span> <span class='ocrx_word' id='word_1_81' title='bbox 1216 1695 1331 1776; x_wconf 88' lang='lat' dir='ltr'>dicant,</span> 
     </span>
     <span class='ocr_line' id='line_1_11' title="bbox 209 1805 1331 1889; baseline 0.001 -20"><span class='ocrx_word' id='word_1_82' title='bbox 209 1807 295 1889; x_wconf 95' lang='lat' dir='ltr'>quod</span> <span class='ocrx_word' id='word_1_83' title='bbox 330 1825 427 1870; x_wconf 91' lang='lat' dir='ltr'>suum</span> <span class='ocrx_word' id='word_1_84' title='bbox 462 1807 601 1889; x_wconf 88' lang='lat' dir='ltr'>quisque</span> <span class='ocrx_word' id='word_1_85' title='bbox 637 1825 717 1889; x_wconf 92' lang='lat' dir='ltr'>opus</span> <span class='ocrx_word' id='word_1_86' title='bbox 751 1806 854 1870; x_wconf 87' lang='lat' dir='ltr'>faciat</span> <span class='ocrx_word' id='word_1_87' title='bbox 886 1805 933 1869; x_wconf 78' lang='lat' dir='ltr'>hia</span> <span class='ocrx_word' id='word_1_88' title='bbox 965 1811 1072 1870; x_wconf 90' lang='lat' dir='ltr'>autem</span> <span class='ocrx_word' id='word_1_89' title='bbox 1096 1808 1331 1889; x_wconf 91' lang='lat' dir='ltr'>comparatione</span> 
     </span>
     <span class='ocr_line' id='line_1_12' title="bbox 209 1917 1333 2001; baseline 0 -20"><span class='ocrx_word' id='word_1_90' title='bbox 209 1936 310 2001; x_wconf 88' lang='lat' dir='ltr'>eaque</span> <span class='ocrx_word' id='word_1_91' title='bbox 340 1918 509 2000; x_wconf 88' lang='lat' dir='ltr'>hypothesi</span> <span class='ocrx_word' id='word_1_92' title='bbox 533 1936 621 1999; x_wconf 90' lang='lat' dir='ltr'>usus,</span> <span class='ocrx_word' id='word_1_93' title='bbox 645 1918 721 2001; x_wconf 92' lang='lat' dir='ltr'>quid</span> <span class='ocrx_word' id='word_1_94' title='bbox 746 1919 875 1982; x_wconf 87' lang='lat' dir='ltr'>tandem</span> <span class='ocrx_word' id='word_1_95' title='bbox 900 1919 939 1982; x_wconf 90' lang='lat' dir='ltr'>de</span> <span class='ocrx_word' id='word_1_96' title='bbox 963 1920 1069 1983; x_wconf 92' lang='lat' dir='ltr'>animo</span> <span class='ocrx_word' id='word_1_97' title='bbox 1089 1917 1261 2000; x_wconf 89' lang='lat' dir='ltr'>affirmarit,</span> <span class='ocrx_word' id='word_1_98' title='bbox 1281 1920 1333 1981; x_wconf 92' lang='lat' dir='ltr'>hic</span> 
     </span>
     <span class='ocr_line' id='line_1_13' title="bbox 209 2030 1333 2112; baseline 0.001 -19"><span class='ocrx_word' id='word_1_99' title='bbox 209 2031 289 2094; x_wconf 91' lang='lat' dir='ltr'>nihil</span> <span class='ocrx_word' id='word_1_100' title='bbox 322 2032 434 2094; x_wconf 88' lang='lat' dir='ltr'>attinet</span> <span class='ocrx_word' id='word_1_101' title='bbox 467 2030 654 2112; x_wconf 90' lang='lat' dir='ltr'>describere,</span> <span class='ocrx_word' id='word_1_102' title='bbox 686 2030 742 2094; x_wconf 88' lang='lat' dir='ltr'>sed</span> <span class='ocrx_word' id='word_1_103' title='bbox 774 2032 806 2093; x_wconf 92' lang='lat' dir='ltr'>in</span> <span class='ocrx_word' id='word_1_104' title='bbox 840 2033 1026 2094; x_wconf 88' lang='lat' dir='ltr'>memoriam</span> <span class='ocrx_word' id='word_1_105' title='bbox 1050 2032 1161 2095; x_wconf 90' lang='lat' dir='ltr'>lectori</span> <span class='ocrx_word' id='word_1_106' title='bbox 1184 2049 1333 2095; x_wconf 89' lang='lat' dir='ltr'>revocare</span> 
     </span>
     <span class='ocr_line' id='line_1_14' title="bbox 210 2143 1334 2228; baseline 0.002 -23"><span class='ocrx_word' id='word_1_107' title='bbox 210 2144 282 2207; x_wconf 89' lang='lat' dir='ltr'>volo</span> <span class='ocrx_word' id='word_1_108' title='bbox 315 2143 549 2227; x_wconf 85' lang='lat' dir='ltr'>lepidissimum</span> <span class='ocrx_word' id='word_1_109' title='bbox 583 2143 690 2208; x_wconf 88' lang='lat' dir='ltr'>locum</span> <span class='ocrx_word' id='word_1_110' title='bbox 725 2162 766 2207; x_wconf 78' lang='lat' dir='ltr'>ex</span> <span class='ocrx_word' id='word_1_111' title='bbox 801 2143 996 2228; x_wconf 82' lang='lat' dir='ltr'>Cyropaedia</span> <span class='ocrx_word' id='word_1_112' title='bbox 1027 2144 1126 2226; x_wconf 82' lang='lat' dir='ltr'>(VIII,</span> <span class='ocrx_word' id='word_1_113' title='bbox 1160 2147 1190 2226; x_wconf 84' lang='lat'>2,</span> <span class='ocrx_word' id='word_1_114' title='bbox 1214 2147 1254 2227; x_wconf 78' lang='lat'>5),</span> <span class='ocrx_word' id='word_1_115' title='bbox 1278 2144 1334 2209; x_wconf 92' lang='lat' dir='ltr'>ubi</span> 
     </span>
     <span class='ocr_line' id='line_1_15' title="bbox 209 2255 1333 2340; baseline 0.002 -22"><span class='ocrx_word' id='word_1_116' title='bbox 209 2255 390 2340; x_wconf 90' lang='lat' dir='ltr'>Xenophon</span> <span class='ocrx_word' id='word_1_117' title='bbox 414 2256 491 2320; x_wconf 89' lang='lat' dir='ltr'>haec</span> <span class='ocrx_word' id='word_1_118' title='bbox 514 2255 620 2319; x_wconf 88' lang='lat' dir='ltr'>docet:</span> <span class='ocrx_word' id='word_1_119' title='bbox 649 2256 914 2337; x_wconf 87' lang='lat' dir='ltr'>,Iucundissima</span> <span class='ocrx_word' id='word_1_120' title='bbox 937 2255 1034 2340; x_wconf 87' lang='lat' dir='ltr'>Regis</span> <span class='ocrx_word' id='word_1_121' title='bbox 1058 2256 1228 2320; x_wconf 89' lang='lat' dir='ltr'>Persarum</span> <span class='ocrx_word' id='word_1_122' title='bbox 1249 2257 1333 2320; x_wconf 92' lang='lat' dir='ltr'>dona</span> 
     </span>
     <span class='ocr_line' id='line_1_16' title="bbox 209 2369 1332 2454; baseline -0.001 -21"><span class='ocrx_word' id='word_1_123' title='bbox 209 2389 246 2433; x_wconf 92' lang='lat' dir='ltr'>ea</span> <span class='ocrx_word' id='word_1_124' title='bbox 281 2375 367 2454; x_wconf 87' lang='lat' dir='ltr'>sunt,</span> <span class='ocrx_word' id='word_1_125' title='bbox 397 2388 478 2452; x_wconf 93' lang='lat' dir='ltr'>quae</span> <span class='ocrx_word' id='word_1_126' title='bbox 510 2369 549 2432; x_wconf 89' lang='lat' dir='ltr'>da</span> <span class='ocrx_word' id='word_1_127' title='bbox 582 2388 694 2434; x_wconf 87' lang='lat' dir='ltr'>mensa</span> <span class='ocrx_word' id='word_1_128' title='bbox 717 2389 776 2432; x_wconf 91' lang='lat' dir='ltr'>sua</span> <span class='ocrx_word' id='word_1_129' title='bbox 798 2370 839 2433; x_wconf 89' lang='lat' dir='ltr'>ad</span> <span class='ocrx_word' id='word_1_130' title='bbox 862 2370 982 2433; x_wconf 89' lang='lat' dir='ltr'>amicos</span> <span class='ocrx_word' id='word_1_131' title='bbox 1006 2370 1120 2433; x_wconf 89' lang='lat' dir='ltr'>mittit:</span> <span class='ocrx_word' id='word_1_132' title='bbox 1144 2389 1248 2452; x_wconf 90' lang='lat' dir='ltr'>neque</span> <span class='ocrx_word' id='word_1_133' title='bbox 1271 2370 1332 2433; x_wconf 91' lang='lat' dir='ltr'>hoc</span> 
     </span>
     <span class='ocr_line' id='line_1_17' title="bbox 210 2480 1333 2565; baseline 0 -19"><span class='ocrx_word' id='word_1_134' title='bbox 210 2483 327 2546; x_wconf 90' lang='lat' dir='ltr'>mirum</span> <span class='ocrx_word' id='word_1_135' title='bbox 364 2487 420 2546; x_wconf 89' lang='lat' dir='ltr'>est.</span> <span class='ocrx_word' id='word_1_136' title='bbox 453 2480 729 2557; x_wconf 76' lang='lat' dir='ltr'>Quemadmodum</span> <span class='ocrx_word' id='word_1_137' title='bbox 761 2483 846 2546; x_wconf 92' lang='lat' dir='ltr'>enim</span> <span class='ocrx_word' id='word_1_138' title='bbox 880 2483 914 2545; x_wconf 90' lang='lat' dir='ltr'>in</span> <span class='ocrx_word' id='word_1_139' title='bbox 938 2484 1080 2546; x_wconf 82' lang='lat' dir='ltr'>maxima</span> <span class='ocrx_word' id='word_1_140' title='bbox 1103 2501 1231 2565; x_wconf 91' lang='lat' dir='ltr'>quaque</span> <span class='ocrx_word' id='word_1_141' title='bbox 1255 2482 1333 2546; x_wconf 91' lang='lat' dir='ltr'>urbe</span> 
     </span>
     <span class='ocr_line' id='line_1_18' title="bbox 209 2594 1333 2679; baseline -0.001 -19"><span class='ocrx_word' id='word_1_142' title='bbox 209 2616 321 2660; x_wconf 89' lang='lat' dir='ltr'>omnes</span> <span class='ocrx_word' id='word_1_143' title='bbox 344 2600 427 2660; x_wconf 87' lang='lat' dir='ltr'>artes</span> <span class='ocrx_word' id='word_1_144' title='bbox 452 2595 700 2679; x_wconf 85' lang='lat' dir='ltr'>perfectissimae</span> <span class='ocrx_word' id='word_1_145' title='bbox 723 2600 807 2677; x_wconf 88' lang='lat' dir='ltr'>sunt,</span> <span class='ocrx_word' id='word_1_146' title='bbox 829 2597 875 2658; x_wconf 91' lang='lat' dir='ltr'>ita</span> <span class='ocrx_word' id='word_1_147' title='bbox 898 2600 930 2659; x_wconf 88' lang='lat' dir='ltr'>et</span> <span class='ocrx_word' id='word_1_148' title='bbox 952 2594 1050 2678; x_wconf 86' lang='lat' dir='ltr'>Regis</span> <span class='ocrx_word' id='word_1_149' title='bbox 1074 2595 1192 2659; x_wconf 89' lang='lat' dir='ltr'>cibaria</span> <span class='ocrx_word' id='word_1_150' title='bbox 1215 2597 1333 2679; x_wconf 89' lang='lat' dir='ltr'>optime</span> 
     </span>
     <span class='ocr_line' id='line_1_19' title="bbox 209 2710 1333 2794; baseline -0.001 -20"><span class='ocrx_word' id='word_1_151' title='bbox 209 2715 287 2774; x_wconf 91' lang='lat' dir='ltr'>sunt</span> <span class='ocrx_word' id='word_1_152' title='bbox 320 2715 485 2794; x_wconf 89' lang='lat' dir='ltr'>apparata:</span> <span class='ocrx_word' id='word_1_153' title='bbox 520 2712 555 2773; x_wconf 91' lang='lat' dir='ltr'>in</span> <span class='ocrx_word' id='word_1_154' title='bbox 585 2711 694 2793; x_wconf 88' lang='lat' dir='ltr'>parvis</span> <span class='ocrx_word' id='word_1_155' title='bbox 724 2711 808 2774; x_wconf 89' lang='lat' dir='ltr'>enim</span> <span class='ocrx_word' id='word_1_156' title='bbox 840 2710 977 2774; x_wconf 88' lang='lat' dir='ltr'>urbibus</span> <span class='ocrx_word' id='word_1_157' title='bbox 1008 2711 1094 2773; x_wconf 93' lang='lat' dir='ltr'>idem</span> <span class='ocrx_word' id='word_1_158' title='bbox 1116 2711 1211 2774; x_wconf 88' lang='lat' dir='ltr'>homo</span> <span class='ocrx_word' id='word_1_159' title='bbox 1233 2710 1333 2778; x_wconf 87' lang='lat' dir='ltr'>lectos</span> 
     </span>
     <span class='ocr_line' id='line_1_20' title="bbox 207 2821 1330 2905; baseline -0.001 -19"><span class='ocrx_word' id='word_1_160' title='bbox 207 2823 292 2905; x_wconf 84' lang='lat' dir='ltr'>facit,</span> <span class='ocrx_word' id='word_1_161' title='bbox 318 2824 440 2904; x_wconf 81' lang='lat' dir='ltr'>ianuae,</span> <span class='ocrx_word' id='word_1_162' title='bbox 464 2828 577 2903; x_wconf 88' lang='lat' dir='ltr'>aratra,</span> <span class='ocrx_word' id='word_1_163' title='bbox 602 2842 738 2905; x_wconf 88' lang='lat' dir='ltr'>mensas,</span> <span class='ocrx_word' id='word_1_164' title='bbox 762 2841 854 2905; x_wconf 89' lang='lat' dir='ltr'>saepe</span> <span class='ocrx_word' id='word_1_165' title='bbox 879 2822 964 2886; x_wconf 90' lang='lat' dir='ltr'>idem</span> <span class='ocrx_word' id='word_1_166' title='bbox 988 2827 1019 2886; x_wconf 91' lang='lat' dir='ltr'>et</span> <span class='ocrx_word' id='word_1_167' title='bbox 1043 2823 1153 2885; x_wconf 90' lang='lat' dir='ltr'>domos</span> <span class='ocrx_word' id='word_1_168' title='bbox 1176 2821 1330 2904; x_wconf 88' lang='lat' dir='ltr'>aedificat,</span> 
     </span>
     <span class='ocr_line' id='line_1_21' title="bbox 209 2935 1333 3020; baseline -0.002 -20"><span class='ocrx_word' id='word_1_169' title='bbox 209 2942 240 3001; x_wconf 92' lang='lat' dir='ltr'>et</span> <span class='ocrx_word' id='word_1_170' title='bbox 270 2938 299 3000; x_wconf 91' lang='lat' dir='ltr'>si</span> <span class='ocrx_word' id='word_1_171' title='bbox 328 2935 378 3000; x_wconf 85' lang='lat' dir='ltr'>vel</span> <span class='ocrx_word' id='word_1_172' title='bbox 409 2938 456 2999; x_wconf 87' lang='lat' dir='ltr'>sic</span> <span class='ocrx_word' id='word_1_173' title='bbox 487 2942 667 3020; x_wconf 91' lang='lat' dir='ltr'>emptorum</span> <span class='ocrx_word' id='word_1_174' title='bbox 697 2937 774 3000; x_wconf 88' lang='lat' dir='ltr'>satis</span> <span class='ocrx_word' id='word_1_175' title='bbox 795 2936 921 3000; x_wconf 86' lang='lat' dir='ltr'>invenit</span> <span class='ocrx_word' id='word_1_176' title='bbox 944 2941 1113 2999; x_wconf 89' lang='lat' dir='ltr'>contentus</span> <span class='ocrx_word' id='word_1_177' title='bbox 1137 2954 1207 2999; x_wconf 89' lang='lat' dir='ltr'>esse</span> <span class='ocrx_word' id='word_1_178' title='bbox 1231 2935 1333 3000; x_wconf 90' lang='lat' dir='ltr'>debet.</span> 
     </span>
     <span class='ocr_line' id='line_1_22' title="bbox 208 3047 1334 3132; baseline -0.001 -20"><span class='ocrx_word' id='word_1_179' title='bbox 208 3048 293 3112; x_wconf 83' lang='lat' dir='ltr'>Fieri</span> <span class='ocrx_word' id='word_1_180' title='bbox 323 3055 430 3113; x_wconf 89' lang='lat' dir='ltr'>autem</span> <span class='ocrx_word' id='word_1_181' title='bbox 460 3068 525 3112; x_wconf 91' lang='lat' dir='ltr'>non</span> <span class='ocrx_word' id='word_1_182' title='bbox 555 3054 659 3132; x_wconf 91' lang='lat' dir='ltr'>potest</span> <span class='ocrx_word' id='word_1_183' title='bbox 687 3054 732 3130; x_wconf 89' lang='lat' dir='ltr'>ut,</span> <span class='ocrx_word' id='word_1_184' title='bbox 755 3050 812 3132; x_wconf 93' lang='lat' dir='ltr'>qui</span> <span class='ocrx_word' id='word_1_185' title='bbox 836 3049 944 3111; x_wconf 91' lang='lat' dir='ltr'>omnia</span> <span class='ocrx_word' id='word_1_186' title='bbox 965 3047 1049 3130; x_wconf 84' lang='lat' dir='ltr'>facit,</span> <span class='ocrx_word' id='word_1_187' title='bbox 1072 3047 1204 3131; x_wconf 89' lang='lat' dir='ltr'>pulchra</span> <span class='ocrx_word' id='word_1_188' title='bbox 1227 3049 1334 3111; x_wconf 89' lang='lat' dir='ltr'>omnia</span> 
     </span>
     <span class='ocr_line' id='line_1_23' title="bbox 208 3160 1332 3245; baseline 0.001 -20"><span class='ocrx_word' id='word_1_189' title='bbox 208 3162 310 3226; x_wconf 87' lang='lat' dir='ltr'>faciat.</span> <span class='ocrx_word' id='word_1_190' title='bbox 333 3161 371 3224; x_wconf 92' lang='lat' dir='ltr'>In</span> <span class='ocrx_word' id='word_1_191' title='bbox 397 3164 521 3244; x_wconf 85' lang='lat' dir='ltr'>magnis</span> <span class='ocrx_word' id='word_1_192' title='bbox 543 3182 619 3226; x_wconf 81' lang='lat' dir='ltr'>vero</span> <span class='ocrx_word' id='word_1_193' title='bbox 640 3162 783 3244; x_wconf 90' lang='lat' dir='ltr'>urbibus,</span> <span class='ocrx_word' id='word_1_194' title='bbox 804 3163 881 3245; x_wconf 88' lang='lat' dir='ltr'>quia</span> <span class='ocrx_word' id='word_1_195' title='bbox 900 3160 1036 3245; x_wconf 88' lang='lat' dir='ltr'>singulis</span> <span class='ocrx_word' id='word_1_196' title='bbox 1056 3161 1153 3226; x_wconf 89' lang='lat' dir='ltr'>rebus</span> <span class='ocrx_word' id='word_1_197' title='bbox 1165 3162 1332 3244; x_wconf 89' lang='lat' dir='ltr'>permultis</span> 
     </span>
     <span class='ocr_line' id='line_1_24' title="bbox 209 3274 1332 3358; baseline -0.001 -20"><span class='ocrx_word' id='word_1_198' title='bbox 209 3274 394 3338; x_wconf 87' lang='lat' dir='ltr'>hominibus</span> <span class='ocrx_word' id='word_1_199' title='bbox 427 3293 507 3358; x_wconf 92' lang='lat' dir='ltr'>opus</span> <span class='ocrx_word' id='word_1_200' title='bbox 531 3279 587 3356; x_wconf 89' lang='lat' dir='ltr'>est,</span> <span class='ocrx_word' id='word_1_201' title='bbox 611 3294 676 3338; x_wconf 86' lang='lat' dir='ltr'>una</span> <span class='ocrx_word' id='word_1_202' title='bbox 698 3294 749 3338; x_wconf 89' lang='lat' dir='ltr'>ars</span> <span class='ocrx_word' id='word_1_203' title='bbox 773 3274 984 3340; x_wconf 75' lang='lat' dir='ltr'>adolendum</span> <span class='ocrx_word' id='word_1_204' title='bbox 1010 3274 1171 3338; x_wconf 91' lang='lat' dir='ltr'>hominem</span> <span class='ocrx_word' id='word_1_205' title='bbox 1196 3274 1332 3339; x_wconf 90' lang='lat' dir='ltr'>sufficit:</span> 
     </span>
     <span class='ocr_line' id='line_1_25' title="bbox 207 3388 1334 3470; baseline -0.002 -18"><span class='ocrx_word' id='word_1_206' title='bbox 207 3407 314 3470; x_wconf 92' lang='lat' dir='ltr'>neque</span> <span class='ocrx_word' id='word_1_207' title='bbox 349 3393 414 3451; x_wconf 87' lang='lat' dir='ltr'>tota</span> <span class='ocrx_word' id='word_1_208' title='bbox 449 3388 558 3470; x_wconf 89' lang='lat' dir='ltr'>aliqua</span> <span class='ocrx_word' id='word_1_209' title='bbox 588 3407 639 3451; x_wconf 91' lang='lat' dir='ltr'>ars</span> <span class='ocrx_word' id='word_1_210' title='bbox 671 3388 711 3451; x_wconf 89' lang='lat' dir='ltr'>ad</span> <span class='ocrx_word' id='word_1_211' title='bbox 741 3407 810 3451; x_wconf 89' lang='lat' dir='ltr'>eam</span> <span class='ocrx_word' id='word_1_212' title='bbox 833 3407 901 3450; x_wconf 91' lang='lat' dir='ltr'>rem</span> <span class='ocrx_word' id='word_1_213' title='bbox 924 3389 1115 3470; x_wconf 89' lang='lat' dir='ltr'>requiritur:</span> <span class='ocrx_word' id='word_1_214' title='bbox 1142 3388 1224 3452; x_wconf 88' lang='lat' dir='ltr'>alius</span> <span class='ocrx_word' id='word_1_215' title='bbox 1248 3389 1334 3451; x_wconf 89' lang='lat' dir='ltr'>enim</span> 
     </span>
     <span class='ocr_line' id='line_1_26' title="bbox 209 3499 1333 3584; baseline -0.002 -18"><span class='ocrx_word' id='word_1_216' title='bbox 209 3502 422 3584; x_wconf 85' lang='lat' dir='ltr'>calceamenta</span> <span class='ocrx_word' id='word_1_217' title='bbox 457 3499 626 3565; x_wconf 89' lang='lat' dir='ltr'>muliebria</span> <span class='ocrx_word' id='word_1_218' title='bbox 655 3499 739 3582; x_wconf 90' lang='lat' dir='ltr'>facit,</span> <span class='ocrx_word' id='word_1_219' title='bbox 769 3500 852 3564; x_wconf 90' lang='lat' dir='ltr'>alius</span> <span class='ocrx_word' id='word_1_220' title='bbox 875 3501 982 3563; x_wconf 88' lang='lat' dir='ltr'>virilia</span> <span class='ocrx_word' id='word_1_221' title='bbox 1004 3505 1147 3563; x_wconf 91' lang='lat' dir='ltr'>tantum:</span> <span class='ocrx_word' id='word_1_222' title='bbox 1173 3520 1333 3564; x_wconf 89' lang='lat' dir='ltr'>nonnum-</span> 
     </span>
     <span class='ocr_line' id='line_1_27' title="bbox 210 3615 1332 3700; baseline -0.003 -19"><span class='ocrx_word' id='word_1_223' title='bbox 210 3636 307 3700; x_wconf 87' lang='lat' dir='ltr'>quam</span> <span class='ocrx_word' id='word_1_224' title='bbox 338 3635 426 3680; x_wconf 90' lang='lat' dir='ltr'>unus</span> <span class='ocrx_word' id='word_1_225' title='bbox 457 3616 552 3679; x_wconf 92' lang='lat' dir='ltr'>homo</span> <span class='ocrx_word' id='word_1_226' title='bbox 582 3616 703 3679; x_wconf 88' lang='lat' dir='ltr'>victum</span> <span class='ocrx_word' id='word_1_227' title='bbox 736 3617 861 3698; x_wconf 88' lang='lat' dir='ltr'>quaerit</span> <span class='ocrx_word' id='word_1_228' title='bbox 883 3615 1106 3678; x_wconf 86' lang='lat' dir='ltr'>calceamentis</span> <span class='ocrx_word' id='word_1_229' title='bbox 1130 3615 1332 3697; x_wconf 91' lang='lat' dir='ltr'>consuendis,</span> 
     </span>
     <span class='ocr_line' id='line_1_28' title="bbox 209 3726 1333 3810; baseline -0.003 -16"><span class='ocrx_word' id='word_1_230' title='bbox 209 3749 295 3794; x_wconf 91' lang='lat' dir='ltr'>unus</span> <span class='ocrx_word' id='word_1_231' title='bbox 327 3729 463 3792; x_wconf 89' lang='lat' dir='ltr'>secando</span> <span class='ocrx_word' id='word_1_232' title='bbox 495 3729 598 3807; x_wconf 85' lang='lat' dir='ltr'>oorio;</span> <span class='ocrx_word' id='word_1_233' title='bbox 630 3727 712 3791; x_wconf 89' lang='lat' dir='ltr'>alius</span> <span class='ocrx_word' id='word_1_234' title='bbox 737 3728 875 3791; x_wconf 81' lang='lat' dir='ltr'>vestium</span> <span class='ocrx_word' id='word_1_235' title='bbox 897 3733 1004 3810; x_wconf 91' lang='lat' dir='ltr'>partes</span> <span class='ocrx_word' id='word_1_236' title='bbox 1026 3727 1150 3808; x_wconf 88' lang='lat' dir='ltr'>format,</span> <span class='ocrx_word' id='word_1_237' title='bbox 1174 3726 1256 3790; x_wconf 88' lang='lat' dir='ltr'>alius</span> <span class='ocrx_word' id='word_1_238' title='bbox 1280 3746 1333 3791; x_wconf 91' lang='lat' dir='ltr'>eas</span> 
     </span>
     <span class='ocr_line' id='line_1_29' title="bbox 209 3838 1333 3924; baseline -0.004 -18"><span class='ocrx_word' id='word_1_239' title='bbox 209 3844 293 3906; x_wconf 90' lang='lat' dir='ltr'>inter</span> <span class='ocrx_word' id='word_1_240' title='bbox 316 3860 350 3906; x_wconf 90' lang='lat' dir='ltr'>se</span> <span class='ocrx_word' id='word_1_241' title='bbox 374 3842 499 3924; x_wconf 81' lang='lat' dir='ltr'>iungit3</span> <span class='ocrx_word' id='word_1_242' title='bbox 524 3858 655 3904; x_wconf 89' lang='lat' dir='ltr'>necesse</span> <span class='ocrx_word' id='word_1_243' title='bbox 675 3843 783 3903; x_wconf 88' lang='lat' dir='ltr'>autem</span> <span class='ocrx_word' id='word_1_244' title='bbox 802 3842 858 3920; x_wconf 90' lang='lat' dir='ltr'>est,</span> <span class='ocrx_word' id='word_1_245' title='bbox 878 3839 936 3920; x_wconf 90' lang='lat' dir='ltr'>qui</span> <span class='ocrx_word' id='word_1_246' title='bbox 954 3839 990 3901; x_wconf 91' lang='lat' dir='ltr'>in</span> <span class='ocrx_word' id='word_1_247' title='bbox 1002 3838 1191 3904; x_wconf 87' lang='lat' dir='ltr'>brevissima</span> <span class='ocrx_word' id='word_1_248' title='bbox 1203 3857 1333 3922; x_wconf 91' lang='lat' dir='ltr'>quaque</span> 
     </span>
     <span class='ocr_line' id='line_1_30' title="bbox 210 3953 1332 4036; baseline -0.002 -18"><span class='ocrx_word' id='word_1_249' title='bbox 210 3961 277 4020; x_wconf 91' lang='lat' dir='ltr'>arte</span> <span class='ocrx_word' id='word_1_250' title='bbox 299 3954 477 4019; x_wconf 87' lang='lat' dir='ltr'>exercenda</span> <span class='ocrx_word' id='word_1_251' title='bbox 501 3955 599 4017; x_wconf 87' lang='lat' dir='ltr'>vitam</span> <span class='ocrx_word' id='word_1_252' title='bbox 625 3953 719 4036; x_wconf 89' lang='lat' dir='ltr'>degit,</span> <span class='ocrx_word' id='word_1_253' title='bbox 742 3972 816 4016; x_wconf 90' lang='lat' dir='ltr'>eum</span> <span class='ocrx_word' id='word_1_254' title='bbox 839 3953 1112 4034; x_wconf 89' lang='lat' dir='ltr'>praestantissime</span> <span class='ocrx_word' id='word_1_255' title='bbox 1136 3971 1231 4015; x_wconf 88' lang='lat' dir='ltr'>suum</span> <span class='ocrx_word' id='word_1_256' title='bbox 1251 3971 1332 4035; x_wconf 91' lang='lat' dir='ltr'>opus</span> 
     </span>
     <span class='ocr_line' id='line_1_31' title="bbox 210 4064 1335 4150; baseline -0.003 -17"><span class='ocrx_word' id='word_1_257' title='bbox 210 4067 342 4134; x_wconf 88' lang='lat' dir='ltr'>efficere.</span> <span class='ocrx_word' id='word_1_258' title='bbox 372 4067 462 4132; x_wconf 91' lang='lat' dir='ltr'>Idem</span> <span class='ocrx_word' id='word_1_259' title='bbox 487 4068 526 4131; x_wconf 92' lang='lat' dir='ltr'>de</span> <span class='ocrx_word' id='word_1_260' title='bbox 549 4067 677 4130; x_wconf 91' lang='lat' dir='ltr'>cibariis</span> <span class='ocrx_word' id='word_1_261' title='bbox 700 4065 890 4150; x_wconf 89' lang='lat' dir='ltr'>apparandis</span> <span class='ocrx_word' id='word_1_262' title='bbox 914 4064 1072 4130; x_wconf 88' lang='lat' dir='ltr'>affirmare</span> <span class='ocrx_word' id='word_1_263' title='bbox 1095 4065 1178 4129; x_wconf 90' lang='lat' dir='ltr'>licet.</span> <span class='ocrx_word' id='word_1_264' title='bbox 1204 4064 1237 4129; x_wconf 82' lang='lat' dir='ltr'>Si</span> <span class='ocrx_word' id='word_1_265' title='bbox 1262 4067 1335 4149; x_wconf 91' lang='lat' dir='ltr'>quis</span> 
     </span>
     <span class='ocr_line' id='line_1_32' title="bbox 210 4176 1335 4261; baseline -0.004 -15"><span class='ocrx_word' id='word_1_266' title='bbox 210 4183 297 4246; x_wconf 91' lang='lat' dir='ltr'>enim</span> <span class='ocrx_word' id='word_1_267' title='bbox 332 4200 435 4245; x_wconf 90' lang='lat' dir='ltr'>unum</span> <span class='ocrx_word' id='word_1_268' title='bbox 466 4179 626 4244; x_wconf 85' lang='lat' dir='ltr'>famulum</span> <span class='ocrx_word' id='word_1_269' title='bbox 661 4178 766 4260; x_wconf 89' lang='lat' dir='ltr'>habet,</span> <span class='ocrx_word' id='word_1_270' title='bbox 797 4179 854 4261; x_wconf 90' lang='lat' dir='ltr'>qui</span> <span class='ocrx_word' id='word_1_271' title='bbox 884 4176 1004 4242; x_wconf 88' lang='lat' dir='ltr'>lectum</span> <span class='ocrx_word' id='word_1_272' title='bbox 1037 4183 1165 4260; x_wconf 87' lang='lat' dir='ltr'>sternat,</span> <span class='ocrx_word' id='word_1_273' title='bbox 1190 4197 1335 4242; x_wconf 90' lang='lat' dir='ltr'>mensam</span> 
     </span>
     <span class='ocr_line' id='line_1_33' title="bbox 209 4290 1336 4379; baseline -0.004 -19"><span class='ocrx_word' id='word_1_274' title='bbox 209 4298 358 4378; x_wconf 83' lang='lat' dir='ltr'>instruat,</span> <span class='ocrx_word' id='word_1_275' title='bbox 391 4294 519 4379; x_wconf 84' lang='lat' dir='ltr'>subigat</span> <span class='ocrx_word' id='word_1_276' title='bbox 552 4294 696 4375; x_wconf 89' lang='lat' dir='ltr'>farinam,</span> <span class='ocrx_word' id='word_1_277' title='bbox 726 4293 896 4375; x_wconf 90' lang='lat' dir='ltr'>opsonium</span> <span class='ocrx_word' id='word_1_278' title='bbox 929 4291 1022 4354; x_wconf 90' lang='lat' dir='ltr'>modo</span> <span class='ocrx_word' id='word_1_279' title='bbox 1054 4292 1114 4354; x_wconf 90' lang='lat' dir='ltr'>hoc</span> <span class='ocrx_word' id='word_1_280' title='bbox 1138 4292 1231 4355; x_wconf 93' lang='lat' dir='ltr'>modo</span> <span class='ocrx_word' id='word_1_281' title='bbox 1254 4290 1336 4359; x_wconf 89' lang='lat' dir='ltr'>illud</span> 
     </span>
    </p>
   </div>
   <div class='ocr_carea' id='block_1_3' title="bbox 0 0 1684 5268">
    <p class='ocr_par' dir='ltr' id='par_1_4' title="bbox 0 0 1684 5268">
     <span class='ocr_line' id='line_1_34' title="bbox 0 0 1684 5268; baseline 0 0"><span class='ocrx_word' id='word_1_282' title='bbox 0 0 1684 5268; x_wconf 95' lang='lat' dir='ltr'> </span> 
     </span>
    </p>
   </div>
  </div>
 </body>
</html>
