3354 5268
774 629 817 691 45

234 813 319 895 apud
353 811 490 876 eundem
523 813 708 894 scriptorem
740 808 824 887 μετα
846 811 979 895 legatur,
1004 831 1181 896 numquam
1204 810 1265 889 σύν,
1289 832 1354 877 non

235 924 340 988 solum
375 925 524 988 credibile
559 930 614 1000 est,
645 924 701 988 sed
731 926 945 988 certissimum
977 944 1050 989 eum
1075 926 1156 989 hano
1179 945 1289 991 vocem
1317 926 1355 990 de

235 1038 395 1102 industria
430 1039 562 1102 vitasse:
594 1036 674 1100 nihil
697 1038 782 1100 enim
807 1036 960 1120 obstabat,
985 1039 1159 1121 quominus
1185 1043 1355 1122 utramque

234 1153 414 1235 promiscue
437 1155 576 1234 poneret.
600 1149 709 1234 Longe
733 1149 793 1213 alia
816 1157 864 1214 est
884 1150 1166 1232 substantivorum,
1186 1152 1357 1217 adiectivo·

236 1283 316 1346 rum,
339 1263 508 1328 verborum
532 1265 622 1345 ratio,
646 1263 740 1347 longe
761 1263 822 1326 alia
842 1265 1088 1347 particularum:
1109 1283 1202 1328 nemo
1216 1267 1356 1329 sermoni

235 1379 373 1442 inserere
402 1384 504 1461 potest
526 1375 633 1456 πατήρ,
659 1375 764 1457 μήτηρ,
787 1375 898 1450 τύπτω,
923 1375 1039 1454 βάλλω,
1066 1376 1192 1457 ποννρός,
1216 1377 1355 1457 χρηστός,

236 1493 299 1554 nisi
334 1491 390 1555 ubi
423 1493 463 1556 iis
498 1491 631 1555 uocibus
664 1511 745 1574 opus
775 1497 831 1572 est,
863 1510 957 1555 nemo
990 1511 1043 1555 eas
1066 1493 1177 1574 vitare,
1201 1491 1257 1555 ubi
1280 1498 1356 1556 sunt

237 1605 440 1687 necessariae,
464 1609 495 1668 et
519 1606 591 1687 quis
616 1610 681 1667 tam
704 1606 833 1688 ineptus
856 1610 913 1686 est,
935 1609 1057 1668 utrem
1077 1607 1354 1689 tam'perspicuam

236 1719 388 1781 stetistica
411 1717 518 1781 tabula
541 1717 654 1781 docere
678 1717 777 1781 velit?
800 1716 922 1782 Eodem
943 1718 1036 1781 modo
1056 1738 1269 1802 unaquaeque
1283 1739 1356 1803 par·

236 1833 335 1895 ticula
363 1851 453 1896 suam
485 1832 547 1896 sibi
577 1834 643 1896 vim
670 1833 774 1914 habet,
797 1852 862 1895 non
885 1833 973 1896 illam
997 1834 1125 1916 quidem
1150 1853 1275 1916 semper
1299 1835 1356 1897 uni

239 1945 391 2009 vocabulo
422 1943 535 2008 Latino
566 1945 737 2029 Belgioove
756 1946 1010 2029 respondentem,
1030 1947 1085 2010 sed
1107 1951 1213 2010 tamon
1238 1952 1355 2011 certam

238 2059 456 2142 stabilemque,
490 2079 595 2143 neque
626 2079 770 2143 unquam
801 2060 883 2123 duae
912 2060 1086 2144 particulae
1116 2079 1246 2143 prorsus
1268 2061 1354 2126 idem

239 2173 429 2258 significant.

282 2287 515 2352 Particularum
547 2307 626 2351 usus
656 2305 721 2350 non
747 2287 922 2370 permissus
945 2291 993 2350 ost
1016 2287 1178 2370 scriptoris
1201 2286 1358 2370 licentiae,

240 2403 294 2466 sed
329 2423 403 2467 oum
438 2403 588 2466 orationis
623 2420 737 2485 genere
771 2401 925 2483 cohaeret,
958 2401 992 2463 id
1026 2406 1132 2465 autem
1168 2419 1292 2484 semper
1324 2405 1355 2464 et

239 2517 359 2600 ubique
394 2522 580 2600 argumento
616 2515 793 2599 respondet.
826 2513 896 2590 Quo
929 2515 1021 2578 modo
1045 2515 1104 2578 hoo
1127 2517 1227 2599 accipi
1251 2516 1356 2598 velim,

239 2634 283 2695 ita
316 2651 365 2695 me
397 2633 513 2714 optime
546 2630 761 2694 demonstrare
787 2648 880 2713 posse
903 2629 1004 2710 oredo,
1030 2633 1066 2692 ut
1089 2635 1120 2693 et
1144 2630 1225 2692 alius
1250 2631 1357 2693 cuius-

240 2744 311 2807 dam
345 2743 518 2827 particulae
552 2745 706 2807 rationem
738 2742 969 2826 habeamque
998 2741 1089 2805 nulla
1111 2747 1159 2805 est
1182 2742 1222 2804 ad
1246 2761 1353 2806 meum

238 2859 436 2940 propositum
471 2857 588 2939 utilior,
624 2857 747 2920 nullius
782 2859 868 2920 enim
902 2857 952 2920 vis
986 2855 1101 2919 melius
1134 2857 1245 2939 paucis
1275 2856 1355 2920 locis

239 2971 394 3035 illustrari
427 2977 550 3056 potest:
584 2973 770 3056 particulam
803 2972 881 3052 dico,
912 2991 1106 3054 quamquam
1140 2989 1251 3035 revera
1275 2971 1357 3036 duae

241 3092 316 3151 sunt
349 3088 432 3151 inter
464 3106 498 3151 se
529 3088 672 3150 iunctae:
704 3085 730 3148 δ’
762 3078 816 3148 οὖν.
841 3085 905 3148 Ubi
928 3104 983 3149 eae
1007 3085 1180 3168 particulae
1203 3086 1273 3148 iure
1297 3105 1356 3148 suo

240 3206 408 3285 ponantur,
433 3201 542 3265 nullus
569 3206 618 3264 est
639 3202 700 3264 tiro
724 3202 781 3283 qni
805 3201 941 3263 nesciat:
967 3201 1073 3263 statim
1099 3201 1184 3262 enim
1209 3201 1238 3263 ei
1259 3201 1358 3264 inter-

239 3321 348 3399 rogato
380 3317 414 3378 in
445 3320 583 3379 mentem
613 3317 723 3379 venire
747 3313 841 3377 debet
863 3313 1037 3397 Apologiae
1063 3313 1243 3376 Platonicae
1267 3331 1358 3377 exor-

242 3428 339 3512 dium,
362 3428 419 3493 ubi
441 3430 573 3514 legitur:

285 3539 327 3606 “0
352 3567 379 3606 τι
403 3543 456 3620 μὲν
477 3543 571 3619 ὑμεῖς,
596 3536 616 3604 ὦ
640 3539 738 3621 ἄνδρες
760 3541 917 3614 Ἀθηναῖοι,
941 3539 1104 3605 πεπόνθατε
1126 3541 1181 3605 ὑπὸ
1200 3544 1256 3603 τῶν
1276 3540 1353 3616 ἐμῶν

241 3654 416 3735 κατηγόρων,
450 3657 501 3719 οὐκ
535 3648 612 3718 οἶδα·
647 3655 703 3732 ἐγὼ
740 3654 766 3717 δ’
799 3647 845 3717 οὖν
877 3651 928 3717 καὶ
954 3653 1043 3725 αὐτὸς
1067 3653 1116 3716 ὑπ’
1141 3653 1236 3717 αὐτῶν
1260 3651 1357 3730 ὀλίγον

241 3768 370 3846 ἐμαυτοῦ
393 3768 588 3846 ἐπελαθόμην.

287 3883 347 3948 (lui
368 3885 437 3949 loco
461 3905 525 3949 non
549 3884 712 3948 dissimilis
736 3888 784 3947 est
806 3883 858 3946 hio
881 3901 898 3946 e
920 3881 1055 3946 Lachete
1081 3882 1157 3961 (184
1181 3881 1248 3959 Al:

285 3995 351 4070 ἴσως
381 3998 435 4075 μὲν
465 3991 511 4062 οὖν
534 3996 571 4062 ἂν
592 3995 632 4071 εἴη
657 3995 687 4060 τὶ
706 3999 814 4068 ταῦτα,
839 3993 928 4075 ὥςπερ
953 3993 1059 4066 Νικίας
1082 3993 1170 4072 λέγει·
1196 3987 1235 4065 οἷς
1259 3992 1285 4056 δ’
1309 3984 1357 4056 οὖν

240 4113 297 4188 ἐγὼ
319 4111 513 4191 ἐντετύχηκα,
536 4111 647 4176 τοιαῦτ’
671 4109 751 4174 ἄττα
775 4109 862 4174 ἐστίν.

286 4226 420 4311 Egregie
440 4227 616 4310 comparari
634 4229 745 4309 potest,
764 4223 850 4307 quod
869 4224 903 4285 iu
921 4221 1066 4285 Anabasi
1086 4221 1203 4304 legitur
1213 4221 1239 4303 I,
1253 4222 1284 4304 2,
1296 4222 1356 4284 25:

286 4341 309 4405 νὶ
330 4341 386 4420 μὲν
407 4337 526 4423 ἔφασαν
549 4336 734 4421 ἁρπάζοντας
756 4361 785 4401 τν
807 4341 1010 4408 κατακοπῆναι
1031 4333 1086 4398 ὑπὸ
1107 4337 1163 4398 τῶν
1185 4333 1315 4408 Κιλίκων,
1334 4333 1358 4398 oi
