3354 5268
886 625 908 686 4

337 791 538 889 satisfaciam,
562 807 619 890 qui
639 806 733 871 fidem
758 807 874 871 habere
896 807 1006 890 nolint,
1028 810 1056 872 si
1079 808 1167 872 ullus
1188 806 1354 872 dubitandi
1365 808 1455 872 locus

337 924 441 1002 restet,
476 919 571 1003 longe
604 919 666 983 alio
699 939 816 1004 genere
852 924 1112 1004 argumentorum
1147 940 1228 1004 opus
1257 940 1328 986 esse
1358 921 1457 1005 probe

338 1033 412 1096 scio.
436 1031 589 1115 Aliquam
613 1037 719 1096 tamen
742 1034 811 1096 veri
834 1034 971 1116 speciem
996 1052 1098 1096 meam
1122 1032 1368 1116 disputationem
1383 1051 1457 1116 prae

339 1164 374 1209 se
395 1144 477 1210 ferre
500 1146 603 1228 pauci,
628 1146 749 1228 opinor,
771 1145 942 1228 negabunt.
965 1145 1141 1208 Videamus
1161 1164 1236 1229 ergo
1256 1146 1459 1228 possimusno

338 1278 405 1322 rem
430 1259 469 1322 ad
492 1259 746 1343 probabilitatem
769 1259 866 1342 paulo
889 1259 1041 1322 maiorem
1064 1259 1245 1342 perducere.

339 1400 342 1405 ·
382 1370 652 1455 Respondendum
675 1371 814 1454 primum
837 1375 885 1435 est
904 1371 943 1434 ad
963 1373 1192 1455 quaestionem,
1205 1391 1288 1455 quae
1300 1391 1334 1436 se
1346 1376 1458 1456 sponte

339 1483 429 1546 offert
461 1484 556 1548 etiam
588 1485 626 1565 ei,
659 1484 715 1566 qui
747 1484 787 1546 ad
819 1484 1009 1547 sententiam
1038 1502 1142 1547 meam
1167 1485 1206 1548 de
1230 1485 1355 1549 dnobus
1378 1486 1458 1550 locis

341 1615 438 1678 supra
462 1596 565 1660 citatis
589 1595 737 1660 accedere
759 1601 889 1679 paratus
909 1597 959 1660 sit.
980 1594 1065 1671 uuio
1084 1615 1199 1660 causae
1220 1601 1268 1662 est
1279 1616 1338 1660 cnr
1349 1597 1458 1660 Xeno-

340 1709 425 1792 phon
448 1709 546 1773 semel
568 1707 630 1773 sub
649 1709 753 1772 alieno
774 1710 904 1774 nomine
923 1709 1094 1792 delitescat,
1114 1710 1211 1774 semel
1232 1731 1329 1776 suum
1341 1731 1458 1776 nomen

339 1823 475 1905 reticeat,
508 1842 609 1905 quum
633 1827 739 1885 tamen
762 1822 866 1886 tribus
890 1823 961 1887 aliis
984 1822 1072 1905 locis,
1096 1824 1206 1907 quiet
1230 1824 1291 1908 ipsi
1316 1824 1356 1888 ad
1378 1824 1458 1889 illud

339 1940 467 2018 tempus
500 1936 686 2018 pertineant,
717 1954 781 2018 quo
812 1936 957 2001 nondum
988 1936 1142 2000 divinitus
1165 1937 1310 2000 immisso
1334 1938 1458 2002 somnio

340 2048 380 2110 ad
415 2067 576 2111 summum
611 2047 781 2130 imperium
813 2054 897 2112 esset
927 2053 1069 2130 vocatuS,
1100 2067 1134 2112 se
1164 2050 1270 2132 ipsum
1294 2050 1460 2112 nominare

339 2161 471 2225 minime
495 2161 664 2224 vereatur?
687 2159 757 2224 Hos
780 2160 866 2226 locos
890 2162 1070 2225 accuratius
1092 2163 1309 2245 inspiciamus.
1330 2162 1460 2226 Primus

339 2273 456 2357 legitur
485 2273 510 2356 l,
533 2276 563 2354 8,
588 2274 628 2335 15
653 2293 699 2356 sq.
723 2274 801 2338 alter
824 2273 865 2356 ΙΙ,
890 2276 920 2356 4,
946 2276 986 2336 15
1010 2276 1096 2358 (ergo
1121 2275 1291 2339 consilium
1316 2276 1459 2358 militare,

341 2386 427 2470 quod
468 2388 502 2449 in
542 2385 685 2450 Olearohi
719 2387 923 2451 tabernaculo
959 2387 998 2450 ob
1032 2387 1165 2471 periculi
1200 2409 1219 2451 a
1251 2387 1461 2472 Tissapherne

340 2501 490 2563 instantis
517 2501 669 2563 nuntium
691 2500 786 2564 modo
811 2506 977 2583 acceptum
1000 2501 1142 2582 habetur,
1165 2503 1311 2583 proxime
1335 2519 1459 2585 praece

342 2615 407 2695 dit),
434 2614 548 2677 tertius
572 2613 614 2695 Π,
639 2615 667 2695 5,
692 2614 831 2676 37-42.
856 2614 965 2696 Atque
988 2614 1115 2678 duobus
1140 2614 1270 2698 quidem
1292 2616 1460 2698 postremis

340 2728 420 2792 locis
443 2727 668 2810 Xenophontis
691 2747 807 2791 nomen
831 2747 905 2791 cum
929 2726 1071 2792 Proxeni
1094 2730 1224 2794 nomine
1243 2734 1291 2792 est
1310 2731 1461 2792 coniunc-

341 2846 427 2904 tum:
459 2859 523 2903 non
548 2858 623 2923 ergo
648 2841 749 2923 magis
775 2859 809 2904 se
831 2842 975 2904 nominat
999 2842 1143 2924 scriptor,
1167 2861 1262 2924 quam
1287 2861 1364 2906 suae
1388 2861 1462 2907 cum

342 2955 410 3017 viro
433 2955 559 3036 egregio
580 2954 737 3017 amicitiae
761 2954 946 3017 memoriam
965 2954 1084 3018 recolit.
1103 2953 1232 3019 Primus
1254 2955 1462 3019 autemloous

343 3087 379 3130 eo
412 3066 507 3150 paulo
538 3067 718 3151 impeditior
747 3067 851 3130 factus
882 3073 938 3149 est,
970 3068 1056 3150 quod
1086 3087 1160 3151 pars
1184 3067 1328 3131 codicum
1353 3067 1462 3131 Xeno-

341 3180 470 3263 phontis
494 3199 610 3244 nomen
634 3179 737 3256 habet,
762 3180 818 3243 ubi
841 3181 874 3242 in
899 3181 1011 3243 celeus
1036 3178 1180 3243 Olearohi
1200 3199 1317 3244 nomen
1336 3180 1460 3264 legitur.

245 3345 249 3352 .
342 3291 405 3356 Sed
428 3311 499 3357 eam
521 3291 738 3356 difficultatem
763 3293 882 3375 optime
905 3292 1073 3356 sustuleris
1097 3298 1129 3356 et
1148 3293 1244 3358 simul
1266 3295 1382 3357 erroris
1394 3293 1463 3356 fon·

342 3409 406 3468 tem
430 3405 631 3487 indicaveris,
654 3406 681 3468 si
705 3424 780 3469 oum
803 3404 1028 3468 Bornemanno
1051 3406 1167 3489 legeris
1189 3405 1203 3468 l
1222 3405 1248 3468 δ’
1269 3399 1346 3468 εἶπεν
1367 3403 1409 3468 ὅτι
1430 3405 1463 3468 τὸ

343 3515 478 3594 σύνθημα
500 3517 560 3581 ari.
586 3517 676 3581 nullo
699 3519 829 3581 nomine
852 3517 966 3580 addito.
990 3517 1070 3582 Rem
1090 3538 1164 3602 ergo
1186 3520 1265 3583 satis
1285 3518 1460 3582 mirabilem

343 3631 524 3716 Xenophon
558 3637 682 3695 narrat:
714 3635 866 3695 tesseram
899 3632 987 3694 nullo
1011 3638 1140 3697 auctore
1163 3651 1220 3716 per
1243 3633 1369 3696 ordines
1394 3650 1463 3695 esse

342 3745 500 3827 traditam,
534 3746 587 3808 oui
618 3745 792 3808 narrationi
816 3764 875 3808 our
897 3764 931 3808 se
955 3765 1117 3829 suumque
1139 3765 1256 3810 nomon
1280 3746 1460 3828 Xenophon

341 3859 563 3939 immiscuerit,
586 3877 651 3920 non
676 3863 723 3921 est
747 3857 834 3941 quod
858 3857 913 3920 diu
938 3877 1139 3941 quaeramus.
1164 3857 1323 3921 Mirabilia
1342 3863 1373 3922 et
1392 3877 1465 3942 por-

342 3975 468 4034 tentosa
500 3973 593 4046 enim,
624 3973 748 4034 somnia
770 3971 927 4035 divinitus
949 3972 1101 4054 immissa,
1126 3977 1295 4055 ceteraque
1321 3973 1464 4035 ominosa

344 4085 459 4164 omnia,
481 4082 705 4168 Xenophontis
728 4087 872 4149 animum
894 4103 969 4168 prae
989 4086 1103 4148 ceteris
1123 4103 1250 4148 movere
1272 4084 1392 4148 solent:
1418 4083 1465 4146 nil

344 4196 459 4260 horu'm
482 4198 624 4280 negligit,
644 4197 778 4262 fideliter
802 4199 908 4262 omnia
931 4198 1086 4279 observat,
1109 4204 1140 4262 et
1164 4199 1275 4262 sedulo
1300 4217 1375 4261 cum
1403 4197 1464 4261 lec·

344 4309 467 4372 toribus
497 4313 718 4374 communicat.
742 4311 898 4396 Inspicias
925 4312 1035 4376 modo:
1062 4311 1087 4396 Ι,
1111 4313 1140 4395 5,
1166 4313 1224 4393 18;
1248 4310 1299 4374 III
1322 4312 1382 4391 in.;
1408 4308 1465 4391 IV,
