3352 5260
868 605 930 668 152

334 811 406 857 sum
429 810 494 855 non
518 791 683 874 suspicari,
705 793 809 854 totum
828 793 925 874 capnt
944 790 1045 853 invito
1066 787 1278 874 Xenophonte
1298 791 1454 857 Memora·

335 903 457 969 bilibus
481 921 552 969 esse
573 904 739 968 insertum.

377 1016 555 1102 Septimum
587 1034 716 1100 quoque
747 1019 844 1100 eaput
867 1018 1051 1099 suspectum
1075 1015 1154 1079 mihi
1178 1021 1243 1082 est:
1267 1037 1343 1082 nam
1364 1037 1454 1102 prae-

332 1134 381 1195 ter
403 1131 482 1212 §¹11⁰
504 1131 648 1214 primam,
671 1129 758 1194 unde
781 1128 942 1193 Socratem
965 1130 1190 1213 cognoscimus
1214 1134 1245 1196 ot
1265 1131 1372 1215 ipsum
1392 1131 1454 1197 dis-

332 1243 455 1328 cipulos
486 1262 562 1308 suos
585 1261 637 1308 res
661 1241 757 1307 utiles
781 1241 928 1307 docuisse
950 1243 979 1322 (i.
993 1260 1018 1306 e.
1043 1261 1109 1306 non
1133 1241 1237 1307 solum
1262 1262 1374 1308 eorum
1396 1243 1454 1308 fal·

333 1377 385 1422 sas
408 1356 573 1441 opiniones
594 1354 769 1438 refutasse),
792 1359 832 1437 et,
856 1355 884 1420 si
906 1355 1000 1420 ouius
1019 1355 1065 1419 rei
1086 1356 1154 1439 ipso
1173 1357 1342 1440 imperitus
1362 1361 1453 1440 esset

333 1489 387 1536 eos
411 1471 544 1536 duxisse
568 1468 636 1550 πρὸς
659 1467 726 1541 τοὺς
749 1465 970 1546 ἐπισταμένους,
996 1472 1099 1533 catera
1118 1470 1226 1534 omnia
1246 1471 1358 1554 exigui
1378 1474 1456 1535 sunt

332 1584 435 1668 pretii,
466 1582 685 1667 languidoque
709 1585 740 1646 et
762 1582 859 1646 taedii
879 1581 974 1665 pleno
998 1600 1143 1646 sermone
1168 1584 1349 1666 composita.
1374 1581 1454 1659 Quis

333 1697 418 1762 onim
448 1697 605 1780 ingratam
635 1696 730 1759 istam
762 1695 983 1778 repetitionem
1014 1693 1097 1761 forre
1125 1699 1229 1779 potest
1260 1698 1452 1762 sententiae:

333 1806 391 1890 ἔφη
423 1807 454 1872 δὲ
484 1811 585 1872 rotro
608 1807 695 1871 ν’κνννᾶν
718 1800 788 1871 εἶναι
810 1806 957 1888 ἀνθρώπου
980 1806 1043 1886 βίον
1067 1807 1255 1890 κατατρίβειν
1278 1807 1329 1873 καὶ
1354 1807 1454 1874 ἄλλων

333 1924 449 1986 πολλῶν
482 1919 533 1985 καὶ
556 1919 714 2002 ἄφελίμων
737 1917 923 1997 μαθημάτων
946 1919 1124 1985 &rotundat
1149 1921 1180 2004 (ξ
1203 1923 1246 2005 3),
1270 1941 1352 2006 quae
1375 1943 1455 2007 pau·

333 2036 471 2100 cissimis
505 2034 611 2100 verbis
646 2035 773 2099 omissis
807 2035 942 2099 recurrit
973 2035 992 2117 ἕ
1024 2035 1068 2098 6?
1099 2033 1199 2120 Saepe
1231 2037 1325 2100 etiam
1350 2056 1453 2102 sermo

334 2149 490 2215 obscurus
521 2147 572 2213 vel
603 2148 776 2214 mendosus
806 2152 870 2214 ost:
904 2148 982 2233 quid
1012 2150 1098 2213 enim
1130 2169 1273 2233 unquam
1297 2150 1455 2216 insulsius

334 2265 456 2328 dictum
488 2266 545 2346 est,
577 2282 672 2346 quam
703 2263 782 2327 haec
811 2262 917 2344 verba,
948 2281 1030 2347 quae
1062 2263 1200 2347 exempli
1225 2265 1328 2348 gratia
1350 2283 1367 2328 e
1392 2264 1454 2346 §4

335 2377 480 2442 afferam:
517 2372 571 2440 ὅσα
606 2373 689 2440 ἄλλον
721 2373 739 2450 ἢ
775 2376 874 2448 νυκτὸς
907 2373 924 2450 ἢ
958 2376 1048 2453 μηνὸς
1078 2373 1095 2450 ἢ
1126 2377 1256 2441 ἕνννννννῦ
1281 2375 1451 2457 πράττεται.

334 2491 524 2557 Schenklius
557 2492 624 2574 §1¹¹ss
649 2492 689 2556 10
713 2491 927 2576 Xenophonte
949 2492 1113 2577 indignam
1136 2497 1261 2558 censet:
1286 2493 1399 2577 quidni
1423 2497 1455 2558 et

333 2606 555 2692 praecedentia
576 2607 675 2671 huius
698 2606 836 2691 capitis?

378 2719 480 2805 Caput
503 2720 583 2784 VlII
605 2719 774 2787 Schenklio
797 2720 960 2786 damnanti
982 2722 1130 2788 lubenter
1152 2724 1316 2787 assentior.

797 3033 990 3043 —

377 3286 473 3352 Nunc
503 3306 656 3353 censurae
686 3291 813 3352 nostrae
841 3307 1001 3353 summam
1025 3287 1180 3353 conficere
1204 3309 1364 3358 conemur.
1389 3290 1453 3356 Ob·

334 3402 532 3465 servavimus
552 3398 670 3464 multas
690 3399 947 3465 Memorabilium
965 3405 1070 3485 partes
1089 3402 1207 3466 eximia
1225 3403 1320 3469 laude
1340 3404 1453 3490 dignas

334 3534 420 3581 esso:
451 3515 581 3578 illarum
613 3515 698 3578 enim
728 3515 868 3598 partium
891 3519 1115 3598 argumentum
1139 3517 1272 3580 maximi
1294 3535 1364 3583 esse
1386 3538 1454 3583 mo-

334 3629 449 3693 menti:
479 3627 525 3691 ibi
555 3627 594 3691 de
624 3625 751 3692 Socrate
783 3647 819 3692 ea
848 3629 978 3710 narrari,
1010 3628 1096 3692 unde
1127 3632 1157 3693 et
1189 3630 1258 3694 eius
1286 3630 1454 3715 disciplina

317 3743 459 3828 egregie
490 3746 709 3826 cognoscatur,
740 3745 771 3805 et
802 3743 937 3806 virtutes
960 3742 993 3804 in
1018 3742 1102 3805 clara
1122 3741 1195 3806 luce
1217 3748 1386 3826 ponantur,
1408 3746 1453 3808 ita

335 3861 372 3920 ut
400 3855 469 3920 fieri
499 3874 564 3919 non
586 3856 696 3939 possit,
720 3855 798 3938 quin
821 3856 859 3937 is,
883 3856 940 3938 qui
961 3854 1032 3919 illas
1055 3853 1175 3939 legerit,
1200 3857 1362 3940 scriptoris
1385 3877 1453 3921 ma·

334 3974 470 4056 gistrum
492 3975 524 4035 et
543 3971 716 4034 admiretur
734 3974 766 4033 et
785 3969 903 4053 diligat.
925 3969 1002 4033 lllas
1021 3974 1126 4033 autem
1148 3974 1252 4053 partes
1263 3968 1329 4035 fere
1341 3990 1452 4036 omnes

335 4086 565 4170 colloquiorum
587 4085 722 4148 formam
746 4083 861 4148 habere
884 4084 1033 4165 vidimuS,
1057 4084 1280 4168 colloquioque
1299 4084 1354 4148 illa
1373 4084 1451 4169 lepi-

335 4201 468 4264 dissima
496 4219 574 4281 esse,
604 4203 635 4263 et
658 4198 824 4279 eiusmodi,
848 4201 884 4261 ut
906 4216 1017 4262 revera
1039 4197 1146 4262 habita
1171 4199 1307 4264 dixeris:
1333 4219 1451 4265 sermo·

334 4333 407 4378 nem
433 4314 561 4377 illorum
584 4332 703 4397 purum
727 4316 757 4376 et
779 4313 982 4396 perspicuum
1006 4330 1084 4394 esse,
1107 4317 1138 4377 et
1162 4332 1226 4396 quo
1251 4313 1329 4397 quid
1352 4315 1450 4398 scrip·
