3352 5260
743 603 806 666 123

203 785 366 868 referatur,
386 789 418 850 et
435 787 635 871 ineptissima
654 787 716 851 ista
735 786 831 851 verba
849 789 884 850 in
897 787 1090 851 defensionis
1103 789 1194 853 initio
1206 790 1325 873 posite:

203 899 217 962 ὅ
237 897 268 962 δὲ
287 897 367 963 οὐδὲν
386 897 544 980 καινότερον
564 897 690 980 είςέΦερε
707 903 764 963 τῶν
783 897 882 963 ἄλλων
903 921 978 984 pre:
999 900 1079 965 οὐδὲν
1100 903 1216 978 μᾶλλον
1232 899 1327 966 καινόν

203 1033 232 1074 τι
255 1009 381 1091 είςὲφερε
402 1015 458 1074 τῶν
481 1009 591 1074 ἄλλων.
617 1011 697 1087 Quis
720 1033 875 1096 unquam,
899 1033 1028 1096 quaese,
1051 1015 1096 1077 ita
1115 1014 1243 1078 loeutus
1255 1015 1327 1078 est?

248 1123 448 1188 Absurdiera
482 1126 577 1188 etiem
611 1125 761 1196 videntur
795 1144 840 1207 ee,
876 1144 958 1208 quae
993 1132 1175 1208 sequuntur
1208 1127 1327 1207 (6-9).

205 1235 276 1312 Quo
310 1237 405 1300 mede
440 1238 524 1301 enim
558 1239 618 1301 ista
647 1257 722 1301 eum
753 1238 1018 1321 praecedentibus
1050 1239 1243 1303 cohaerent?
1273 1240 1327 1302 An

203 1354 271 1413 tota
300 1350 474 1433 impietatis
506 1351 646 1433 suspicio
678 1355 709 1413 et
739 1351 860 1418 crimen
892 1351 931 1414 de
958 1370 1042 1414 nere
1067 1351 1204 1435 quedam
1228 1352 1328 1416 deoa

204 1462 333 1527 Socrate
356 1465 489 1526 invente
511 1464 677 1545 emittitur,
701 1463 795 1527 etad
819 1463 882 1527 alia
905 1466 1013 1527 emnia
1034 1466 1150 1528 transit
1169 1465 1326 1548 scriptor?

203 1575 275 1639 Hee
298 1595 372 1639 eum
394 1575 497 1639 faeere
520 1577 685 1640 existimes
706 1582 835 1660 prepter
855 1595 892 1640 ea
911 1576 1017 1658 verba,
1037 1577 1186 1661 aquibus
1197 1578 1325 1641 initium

203 1688 295 1752 facit:
319 1685 403 1750 οὶλλοὶ
424 1685 483 1764 μὴν
507 1686 592 1750 ε’ποίει
615 1685 667 1750 καί
692 1685 765 1752 τοίδε
787 1687 855 1768 πρὸς
879 1687 944 1758 τοὺς
965 1687 1151 1761 ἐπιτηδείους.
1165 1689 1227 1754 Sed
1240 1690 1327 1774 quid,

205 1820 333 1884 quaese,
349 1800 405 1864 illa
423 1800 657 1864 Socratioerum
670 1801 924 1865 admonitionum
941 1805 1181 1867 enumeratione
1193 1803 1327 1887 probare

203 1915 299 1978 vult?
331 1913 421 1978 Certe
451 1914 531 1978 nihil
555 1915 642 1996 quod
665 1914 704 1978 ad
728 1914 982 1978 adversariorum
1007 1916 1142 1978 crimina
1164 1917 1328 1999 pertineat.

203 2027 348 2111 Ineptum
383 2032 490 2091 autem
524 2029 623 2091 tetius
655 2027 718 2090 loci
749 2026 960 2090 elocutionem
991 2045 1149 2091 essenon
1174 2032 1328 2111 epusest

205 2159 256 2204 me
288 2140 418 2220 dooere,
449 2139 510 2202 hee
537 2141 622 2202 enim
644 2157 738 2202 neme
761 2158 828 2201 nen
850 2139 957 2202 ridere
979 2143 1090 2223 petest.
1116 2139 1159 2204 Ut
1183 2142 1326 2204 emittam

204 2255 291 2335 vitia,
323 2272 404 2336 quae
428 2251 585 2335 probabili
608 2251 828 2316 emendatione
850 2251 918 2315 tolli
941 2254 1074 2336 possint,
1099 2253 1177 2335 quid
1200 2253 1327 2317 tandem

204 2367 362 2452 signifieat
382 2364 424 2429 τα
446 2363 579 2442 μέγιστα
600 2367 656 2427 τῶν
679 2364 708 2426 ἐν
731 2361 865 2434 codrus?
891 2363 966 2428 Non
988 2367 1096 2428 minus
1114 2365 1249 2429 ridicule
1267 2366 1328 2429 hoe

203 2481 376 2564 opponitur
404 2478 444 2557 τῷ
474 2525 494 2550 „
502 2477 661 2541 τεκτονικὸν
692 2476 746 2540 κτὲ
771 2515 811 2524 -
835 2475 989 2554 pericla?
1015 2497 1111 2560 quam
1134 2479 1230 2562 paule
1255 2483 1328 2542 ante

202 2593 236 2657 τὸ
257 2591 327 2665 „rel
349 2591 527 2668 αναγκαῖα”
550 2590 591 2669 τῷ
615 2588 684 2662 „rb
706 2588 807 2662 ἄδηλα
831 2586 907 2660 ὅπως
929 2588 1140 2666 οὶποβήοοιτο”.

250 2703 340 2780 Quae
362 2723 438 2768 vere
460 2703 536 2766 inde
559 2723 577 2766 a
603 2703 643 2765 10
668 2721 772 2784 usque
795 2703 835 2765 ad
861 2702 901 2764 16
926 2702 1078 2786 leguntur
1099 2723 1178 2766 sana
1200 2708 1277 2767 sunt
1297 2707 1329 2767 et

203 2821 330 2902 integra
362 2816 509 2898 nullique
542 2815 782 2897 reprehensioni
816 2813 963 2878 obnoxia.
1001 2813 1221 2878 certissimum
1252 2833 1327 2878 vere

204 2930 279 2994 inde
313 2931 379 3012 peti
412 2931 516 3013 petest
549 2931 785 3011 argumentum,
821 2929 893 2990 iure
927 2946 978 2991 me
1011 2927 1208 3010 improbasse
1244 2946 1327 3011 quae

204 3063 302 3127 supra
323 3043 471 3106 indicavi.
495 3041 631 3105 Initium
655 3043 739 3105 enim
763 3042 899 3105 huiusce
918 3041 981 3104 loci
1000 3041 1060 3104 hee
1081 3047 1145 3105 est:
1170 3041 1329 3125 ,Semper

204 3155 350 3220 Socrates
379 3157 414 3218 in
444 3155 574 3239 publico
606 3160 681 3237 erat,
703 3156 737 3218 in
759 3155 838 3236 fore,
860 3156 894 3216 in
916 3156 1104 3238 gymnasiis
1127 3156 1161 3218 in
1187 3155 1328 3219 ambula-

203 3269 358 3351 tionibus,
388 3269 445 3333 ubi
468 3271 608 3332 maxima
630 3269 797 3332 hominum
820 3268 1000 3352 frequentia
1023 3288 1098 3332 eum
1122 3270 1233 3333 andire
1256 3290 1329 3353 pes-

205 3388 260 3448 set
291 3383 393 3447 Nemo
423 3387 529 3446 tamen
559 3402 704 3466 unquam
727 3401 802 3446 eum
825 3382 909 3446 dioto
932 3382 1057 3446 faetere
1079 3384 1231 3468 pietatem
1254 3402 1329 3467 erga

204 3497 280 3560 dees
302 3496 480 3562 laedentem
503 3514 608 3578 neque
627 3495 708 3559 vidit
726 3513 833 3578 neque
852 3494 1005 3559 audivit”.
1018 3495 1091 3559 Non
1105 3516 1180 3560 eum
1192 3498 1232 3560 iis
1246 3515 1327 3579 quae

203 3611 397 3694 praecedunt
420 3609 501 3673 bene
521 3628 558 3673 ea
580 3610 769 3692 iunguntur,
787 3608 963 3671 rectissime
982 3627 1146 3672 vereeum
1157 3611 1198 3672 iis
1211 3607 1326 3690 verbis,

205 3741 288 3806 quae
318 3722 337 3803 ᾖ
362 3723 381 3784 2
405 3726 478 3785 ante
501 3722 617 3795 lecum,
640 3740 736 3803 quem
760 3739 818 3804 ege
843 3723 1014 3804 prescripsi
1036 3722 1066 3802 (ξ
1091 3724 1110 3783 2
1135 3718 1328 3809 διετεθρύλητο

203 3854 308 3918 usque
338 3834 378 3897 ad
408 3835 427 3916 ᾖ
452 3836 471 3898 9
503 3831 568 3914 ἵλεῳ
599 3832 771 3914 σημαίνειν),
803 3833 972 3917 leguntur:
1007 3837 1116 3913 πρῶτον
1144 3833 1198 3910 μὲν
1222 3825 1268 3896 οὖν
1290 3833 1328 3904 ὡς

203 3948 253 4012 οὐκ
290 3945 419 4027 ἐνόμιζεν
453 3943 500 4019 οὓς
535 3946 551 4019 η
588 3945 671 4018 πόλις
702 3944 809 4025 νομίζει
845 3945 922 4017 θεοὺς
955 3945 1025 4025 ποίῳ
1060 3944 1127 4009 πότ’
1163 3944 1328 4025 ἐχρήσαντο

203 4059 362 4140 τεκμηρίοις
394 4057 463 4124 θύων
492 4083 525 4123 τε
547 4059 606 4140 γὰρ
630 4060 752 4140 Φανερὸς
776 4052 810 4132 ἦν
834 4055 980 4129 πολλοίκις
1003 4058 1058 4135 μὲν
1082 4055 1158 4130 οἴκοι,
1182 4055 1327 4129 πολλοίκις

204 4171 235 4236 δὲ
257 4170 308 4236 ἐπὶ
329 4175 385 4235 τῶν
409 4176 504 4236 κοινῶν
527 4179 581 4246 τῆς
604 4170 715 4243 πόλεως
740 4171 861 4248 βωμῶν,
885 4169 936 4234 καὶ
961 4178 1089 4251 μαντικῇ
1110 4169 1259 4251 χρώμενος
1278 4171 1329 4235 οὐκ

204 4282 326 4367 οὶφανίις
349 4278 392 4360 ἦν.
