3330 5262
744 601 807 662 305

217 783 352 862 portam,
386 783 421 843 ut
453 781 573 864 opinor.
604 781 676 846 Hoo
703 785 789 847 enim
820 785 991 868 legendum
1017 792 1082 851 est:
1107 787 1146 859 εἰς
1169 785 1254 869 ὅρμον
1278 811 1342 854 non

219 890 258 961 εἰς
281 882 365 972 οὖρον.

265 1001 353 1079 Quae
383 1005 497 1069 deinde
528 1011 725 1090 sequuntur:
759 1007 783 1070 εἰ
814 1007 845 1071 δὲ
872 1007 927 1086 μή,
952 1012 1014 1082 πῶς
1037 1009 1073 1073 ἂν
1098 1010 1252 1091 ἀφίκοιντό
1274 1036 1345 1077 ποτε

218 1112 286 1179 ἔνθα
320 1116 373 1188 δεῖ,
410 1117 442 1190 εἰ,
474 1117 590 1182 ἐπειδάν
621 1142 649 1183 τι
679 1120 834 1201 οέντικόψκ,
867 1121 949 1194 εὐθὺς
981 1122 1020 1194 εἰς
1046 1124 1191 1189 τοὶναντία
1214 1124 1345 1202 πλέοιενς

218 1247 255 1291 ea
277 1229 414 1294 infaceta
437 1236 468 1294 et
490 1231 644 1315 languida
669 1238 745 1297 sunt
767 1238 799 1298 et
821 1235 885 1298 iam
906 1237 1043 1318 saepius,
1065 1238 1099 1298 ni
1119 1235 1345 1320 fallor,aviris

223 1342 323 1406 doctis
346 1345 532 1427 proscripta.

262 1454 320 1538 ΠΙ,
345 1456 396 1519 36.
419 1455 661 1522 Demonstravit
683 1459 895 1524 Theramenes
917 1461 973 1544 qui
992 1460 1112 1525 fantum
1135 1464 1176 1526 sit
1189 1468 1225 1526 ut
1237 1464 1347 1547 duoeS,

219 1570 275 1651 qui
302 1569 387 1653 apud
415 1570 597 1654 Arginusas
627 1577 859 1655 pugnaverant,
883 1575 995 1657 eapitis
1029 1574 1259 1641 damnarentur
1291 1577 1346 1641 do·

219 1683 350 1766 ouitque
379 1684 500 1748 iudices
530 1685 610 1748 falsa
642 1687 750 1749 omnia
772 1705 851 1769 esse,
876 1706 958 1771 quae
985 1687 1024 1751 de
1048 1688 1102 1752 illo
1127 1689 1246 1753 iudioio
1270 1709 1344 1754 nar-

220 1797 337 1859 raverit
368 1795 500 1866 Critias:
524 1799 597 1862 illos
621 1799 706 1862 enirn
731 1799 857 1883 oulpam
883 1804 1086 1864 mortuorum
1110 1821 1177 1865 non
1201 1802 1342 1867 sublato·

219 1927 290 1971 rum
324 1909 358 1970 in
393 1909 499 1992 ipsum
532 1910 835 1996 Thrasybulumque
866 1913 1050 1995 contulisse,
1085 1934 1149 1997 qua
1181 1914 1343 1978 calumnia

218 2027 424 2104 provocatum
456 2024 563 2106 ipsum
590 2019 751 2089 iudicibus
774 2027 980 2108 persuasisse,
1006 2026 1125 2091 dueum
1148 2029 1343 2112 negligentia

217 2136 298 2200 illud
329 2141 456 2200 tantum
488 2139 607 2202 crimen
638 2157 708 2202 esse
731 2140 947 2203 commissum.
973 2140 1054 2203 Tum
1078 2140 1156 2204 haeo
1179 2141 1284 2205 addit:
1310 2142 1341 2205 οὐ

217 2245 315 2325 μέντοι
345 2245 488 2328 θανμοὶζα
519 2271 556 2325 νε
585 2249 618 2313 τὸ
650 2248 764 2326 Κριτίαν
789 2250 1070 2331 παρανενομηκέναι·
1093 2249 1140 2314 ὅτε
1163 2251 1220 2333 γὰρ
1244 2256 1344 2316 ταῦτα

217 2353 250 2432 ἦν
274 2361 306 2424 οὐ
329 2361 426 2442 παρὼν
451 2359 625 2440 ἐτύγχανεν.
651 2361 849 2446 Corruptum
868 2383 939 2430 esso
959 2362 1226 2444 παρανενομηκέναι
1249 2385 1343 2431 nemo

217 2494 280 2537 non
307 2476 400 2538 videt.
424 2474 507 2538 Nam
531 2473 651 2540 Critias
677 2476 739 2539 dioi
764 2496 829 2540 non
855 2482 957 2560 potest
979 2477 1059 2541 falsa
1082 2477 1121 2541 de
1143 2478 1199 2541 illo
1223 2479 1342 2543 iudioio

216 2607 349 2651 narrans
379 2593 569 2667 παρανομεῖν,
601 2592 634 2652 et
661 2590 770 2652 minus
794 2591 891 2652 etiam
916 2594 1058 2673 tempore
1081 2590 1221 2673 perfeeto
1244 2613 1343 2671 παρα-

215 2697 410 2776 νενομηκέναι.
439 2699 554 2784 Neque
576 2705 684 2764 tamen
707 2701 812 2784 plaoet
834 2699 951 2765 Cobeti
975 2703 1159 2766 coniectura
1182 2725 1341 2783 παρανενο-

216 2810 340 2889 μικὲναι,
377 2813 453 2897 quia
486 2817 518 2876 et
549 2814 741 2878 insolentius
776 2814 857 2878 iliud
889 2813 1028 2878 verbum
1067 2819 1123 2898 est,
1159 2821 1190 2879 et
1220 2813 1340 2880 Critiae

217 2926 353 2990 orationi
381 2945 496 3009 parum
523 2929 681 2990 convenit.
704 2926 796 3004 Nam,
820 2929 906 3011 quod
930 2929 1042 2992 iudicii
1065 2933 1207 3013 tempore
1233 2928 1342 2994 aberat

218 3036 341 3123 Critias,
370 3059 407 3104 eo
437 3039 507 3104 fieri
539 3060 605 3105 non
632 3060 762 3106 neeesse
785 3046 861 3123 erat,
885 3046 921 3105 ut
943 3041 1061 3121 fulsum
1085 3042 1124 3106 de
1147 3043 1201 3106 illo
1224 3042 1341 3122 opinio-

215 3171 286 3216 ιιοκι
308 3155 504 3236 conciperet3
528 3154 555 3218 si
578 3155 652 3237 quis
674 3156 769 3235 onim,
789 3156 939 3238 quamvis
959 3155 1054 3238 longe
1074 3155 1166 3238 absit
1181 3156 1219 3220 de
1232 3156 1342 3240 aliqua

216 3282 259 3346 ro,
283 3284 365 3348 quae
389 3265 475 3329 domi
497 3265 621 3346 aedidit,
640 3266 801 3329 vamtatem
820 3269 979 3350 cognovit,
1001 3267 1098 3349 nulla,
1111 3269 1231 3351 opinor,
1245 3288 1344 3333 causa

218 3382 274 3460 est,
306 3397 366 3441 our
395 3380 503 3443 minus
533 3384 618 3442 reete
649 3379 687 3442 de
710 3379 765 3443 illa
787 3380 915 3443 iudicet.
940 3379 1002 3444 Sed
1026 3381 1117 3444 faoile
1139 3380 1210 3444 fieri
1230 3386 1345 3465 potest,

218 3495 254 3556 ut
273 3493 387 3565 *nuntii
411 3494 575 3557 veritatem
599 3498 816 3576 corrumpant,
840 3498 877 3557 ut
900 3493 998 3558 falsos
1020 3496 1154 3578 aooipiat
1176 3515 1343 3560 rumores:

216 3609 313 3688 atque
336 3607 442 3689 ipsum
466 3605 547 3669 illud
570 3606 695 3687 „falsos
718 3607 880 3689 accepisse
899 3607 1069 3671 rumores’'
1089 3609 1267 3672 necessario
1289 3608 1341 3670 hio

216 3718 398 3801 requiritur.
414 3717 511 3781 Haud
523 3736 598 3802 ergo
612 3717 733 3800 dubito,
746 3720 825 3802 quin
837 3722 922 3782 reete
933 3718 1050 3783 viderit
1061 3718 1343 3801 WytteubaehiuS,

218 3832 275 3913 qui
297 3828 512 3910 παρακκκοέναι
532 3833 675 3895 oonieoit.
695 3829 787 3914 Nam,
808 3851 1002 3916 quamquam
1022 3831 1158 3896 verbum
1171 3829 1343 3912 παρακούειν

216 3943 409 4028 plerumque
437 3949 612 4028 usurpatur
636 3945 674 4008 de
699 3964 745 4026 eo,
764 3947 826 4028 'qui
850 3964 915 4008 non
939 3945 1015 4009 satis
1042 3944 1129 4026 „hoo
1153 3944 1249 4029 agit',
1272 3946 1292 4007 i.
1318 3964 1345 4009 o.

217 4058 273 4140 qui
301 4076 366 4120 nou
390 4059 467 4122 satis
491 4063 632 4122 attentus
656 4061 712 4140 est,
736 4062 767 4120 et
791 4076 865 4140 ergo
889 4076 965 4140 rem,
989 4076 1072 4141 quae
1095 4058 1343 4140 demonstratur,

214 4190 330 4252 parum
360 4177 444 4235 reote
466 4171 623 4255 intelligit,
647 4175 754 4235 tamen
776 4171 908 4235 minime
932 4169 1143 4253 improbabile
1164 4175 1221 4252 est,
1245 4172 1341 4234 etiam

214 4281 307 4345 illum
329 4281 500 4362 παρακούειν
524 4284 587 4347 diei
605 4303 708 4368 posse,
732 4285 789 4368 qui
812 4302 946 4348 remex
969 4282 1154 4348 rumoribus
1178 4283 1266 4348 falsis
1290 4282 1343 4348 vel

1211 4392 1244 4443 20
