3330 5262
863 620 926 684 346

326 807 402 890 poni
425 811 530 890 potest
552 803 700 884 τετάχθαι
719 801 878 885 ἔμπροσθεν
897 805 998 868 αὐτοῦ.
1021 802 1107 880 Quid
1125 808 1233 869 tamen
1252 805 1294 868 sit
1313 805 1454 872 scriben-

327 919 405 984 dum
435 918 561 986 nescio:
591 920 619 984 si
643 918 796 984 traditum
819 921 902 984 esset
924 913 1037 982 ὄπισθεν
1060 935 1119 1002 pro
1141 909 1221 990 εἶναι,
1243 919 1393 1003 quisque,
1417 925 1455 987 ut

327 1033 450 1116 opinor,
473 1032 630 1117 probarer

370 1143 430 1228 HI,
454 1146 504 1210 12.
527 1145 674 1210 Narratio
698 1145 738 1208 de
760 1144 880 1228 proelio
899 1144 986 1229 apud
1005 1142 1143 1208 cnidum
1162 1145 1209 1208 sic
1228 1146 1451 1212 continuatur:

326 1253 645 1346 αντιπαραπαξαροθνου
675 1256 707 1321 δὲ
737 1260 788 1322 τοῦ
816 1254 991 1337 Πεισάνδρου
1013 1255 1065 1322 καὶ
1089 1255 1165 1321 πολὺ
1186 1257 1348 1321 ἐλαττόνων
1371 1259 1453 1338 αὐτῷ

325 1373 383 1434 τῶν
411 1374 646 1451 νεῶνφανεισῶν
669 1373 727 1434 τῶν
749 1369 840 1434 αὑτοῦ
863 1373 915 1435 τοῦ
940 1369 1020 1447 μετὰ
1043 1367 1168 1441 Κθνωνυς
1191 1369 1450 1443 Ἐλλήνικοῦ....

326 1483 415 1550 Haec
443 1487 488 1550 ita
511 1485 641 1550 demum
665 1483 793 1568 probari
817 1487 977 1568 poterunt,
1000 1484 1028 1550 si
1051 1483 1139 1548 istud
1163 1480 1216 1548 καὶ
1241 1464 1452 1563 -φανεισῶν

326 1597 476 1682 pendebit
493 1617 512 1662 a
530 1598 731 1683 praecedenti
751 1596 917 1681 participio
937 1591 1266 1675 ἀντιπαραταξαμένου,
1286 1603 1323 1660 ut
1338 1596 1453 1662 Pisan-

326 1711 382 1774 der
404 1711 529 1775 dicatur
552 1713 651 1776 aciem
675 1711 879 1791 instruxisse,
900 1729 1093 1790 quamquem
1111 1709 1234 1774 rideret
1257 1730 1332 1776 suas
1352 1731 1452 1778 naves

326 1823 428 1888 multo
460 1844 556 1907 quam
589 1822 729 1888 Cononis
760 1841 831 1888 esse
861 1825 1036 1906 pauciores.
1064 1821 1202 1906 Reliqua
1224 1826 1382 1889 sententia
1404 1828 1453 1890 sic

326 1935 481 2000 decurrit:
518 1934 582 2006 τοὺς
616 1935 671 2012 μέυ
705 1935 765 2000 cirri
798 1938 850 1998 τοῦ
880 1934 1025 2012 εὐωνύμου
1055 1932 1243 2014 συμμήχους
1267 1936 1348 2010 εὐθὺς
1369 1939 1452 2018 αὐτῷ

326 2045 448 2128 Φεθγειν
477 2047 565 2112 αὐτὸν
589 2048 620 2111 δέ
642 2044 840 2124 συμμίξανπα
862 2054 924 2120 τοῖς
947 2047 1096 2124 πολεμίους
1119 2047 1257 2125 ἐμβολὰς
1279 2049 1389 2130 ἐχοθσή
1412 2059 1451 2132 τῆ

325 2159 426 2241 τριήρει
453 2161 521 2241 πρὸς
544 2159 597 2232 τῆν
620 2167 677 2237 γῆν
700 2157 865 2234 ἐξωσθῆναι.
891 2153 1114 2226 Narrationein
1138 2162 1318 2228 claudicare
1343 2165 1452 2248 quivis

328 2274 421 2357 videt,
444 2274 500 2340 sed
524 2293 557 2338 se
580 2274 689 2338 videre
711 2275 900 2358 interpretes
923 2275 1071 2339 nonnulli
1095 2275 1308 2359 dissimulant,
1333 2279 1391 2361 qui
1410 2298 1452 2344 ne

325 2388 412 2451 huno
442 2387 549 2453 locum
581 2406 616 2452 se
645 2407 710 2451 non
739 2388 917 2472 intelligere
938 2390 1083 2471 ingenue
1102 2389 1288 2472 faterentur,
1310 2392 1453 2475 explica-

325 2501 459 2582 tionum,
489 2505 648 2584 quotquot
677 2506 754 2565 sunt
783 2502 834 2565 vel
856 2501 997 2583 fuerunt,
1020 2502 1116 2585 longe
1138 2503 1370 2585 ineptissimam
1394 2525 1452 2569 ex-

325 2615 514 2697 cogitarunt.
541 2613 776 2678 Persuaserunt
804 2615 888 2678 enim
914 2613 975 2678 sibi
1000 2612 1096 2679 rerba
1119 2613 1256 2691 ἐμβολῆς
1279 2614 1388 2696 ἕχοθσρ
1412 2626 1451 2698 πή

324 2725 424 2806 τριήρει
454 2727 650 2811 significare:
685 2729 834 2810 „triremi
864 2746 947 2810 quae
974 2729 1109 2792 vulnera
1132 2727 1326 2812 acceperat''.
1348 2728 1452 2810 Lyco·

324 2840 487 2924 phronem,
518 2840 570 2904 vel
599 2841 700 2904 alium
725 2842 870 2924 ineptum
895 2846 1019 2924 poetam
1043 2840 1311 2924 Alexandrinum,
1335 2843 1451 2907 obscu-

324 2955 428 3018 ritatis
459 2955 599 3035 avidum,
629 2955 675 3016 ita
704 2955 794 3036 loqui
827 2954 926 3035 decet,
958 2958 994 3018 ut
1026 2953 1189 3018 vocabulis
1217 2973 1291 3018 eum
1317 2975 1450 3022 sensum

324 3065 480 3149 praebeat,
504 3085 601 3152 quem
625 3085 667 3130 ex
687 3085 795 3130 rernm
820 3071 935 3130 nutura
953 3065 1070 3130 habere
1089 3086 1153 3131 non
1174 3073 1318 3151 possunt.
1339 3067 1451 3133 Xeno-

323 3180 409 3262 phon
440 3181 468 3243 si
499 3180 538 3243 de
568 3177 715 3255 ἐμβολαῖς
742 3179 896 3262 loquitur,
920 3178 1055 3243 dubium
1080 3199 1146 3243 non
1170 3185 1219 3244 est
1243 3183 1323 3264 quin
1346 3186 1453 3246 rostra

325 3293 456 3356 navium
487 3292 644 3377 intelligat
675 3296 854 3375 praeacuta,
886 3290 1005 3374 quibus
1037 3292 1177 3356 hostium
1202 3312 1302 3376 naves
1326 3294 1451 3358 demer-

323 3411 449 3491 gantur.
482 3405 566 3482 Quid
597 3411 706 3470 autem
738 3408 845 3490 quivis
877 3412 1040 3490 exspectet
1067 3406 1261 3472 Pisandrum
1284 3429 1366 3474 nave
1390 3429 1451 3474 sua

323 3524 459 3584 rostrata
488 3519 626 3584 fecisse?
654 3519 786 3603 Nempe,
810 3521 838 3584 si
861 3527 997 3584 ueterem
1021 3521 1234 3585 narrationem
1258 3527 1450 3605 spectamus,

323 3631 501 3696 adhaesisse
531 3633 607 3696 navi
635 3632 752 3714 hostili,
780 3633 861 3696 solvi
885 3652 949 3695 non
972 3634 1125 3716 potuisse,
1148 3638 1245 3716 atque
1267 3635 1313 3697 ita
1335 3637 1449 3700 ceteris

323 3745 522 3829 fugientibus
545 3765 564 3807 u
587 3744 688 3808 classe
710 3745 852 3808 hostium
877 3745 1133 3810 circumventum
1157 3750 1189 3809 et
1208 3747 1349 3808 occisum
1369 3764 1448 3810 esse.

324 3857 493 3921 Probabile
524 3876 598 3941 ergo
630 3857 757 3920 videtur
786 3857 945 3922 excidisse
974 3857 1140 3941 quaedam,
1163 3857 1378 3943 lacunamque
1401 3860 1450 3924 sie

323 3969 389 4034 fere
420 3991 490 4035 esse
517 3970 725 4054 explendam:
748 3969 838 4032 αὐτὸν
863 3968 894 4032 δὲ
917 3966 1114 4046 συμμήξανπα
1137 3975 1195 4035 τοῖο
1219 3969 1374 4046 πολεμίοις’
1390 3971 1447 4049 ἐμ-

323 4082 419 4160 βυλθις
437 4081 545 4162 ἕχυθσρ
566 4091 602 4164 τῆ
622 4080 722 4162 τριήρει
745 4080 896 4166 (πολεμία
915 4079 961 4154 uni
980 4088 1205 4158 συμπλακῆναι,
1225 4081 1281 4154 τοὶς
1302 4080 1328 4146 δ’
1346 4080 1449 4154 ἄλλας

322 4195 458 4280 τριήρεις)
485 4196 553 4276 πρὸς
575 4194 628 4267 τῆν
652 4201 708 4272 γῆν
730 4191 895 4268 ἐξωσθῆναι.
921 4195 961 4258 In
985 4197 1177 4266 narrationis
1199 4195 1279 4259 fine:
1305 4193 1448 4262 καὶτοὺς

324 4308 379 4385 μὲν
408 4306 527 4382 ἄλλους,
558 4305 616 4371 ὅσοι
638 4307 678 4379 εἰς
699 4307 753 4380 τήν
774 4313 832 4384 γῆν
855 4303 1045 4381 ἐξεώσθησαν,
1069 4304 1272 4379 ἀπολιπόντας
1295 4305 1352 4380 τὰς
1374 4311 1448 4381 ναῦς
