3348 5262
773 618 836 680 277

238 797 276 862 Id
300 803 406 863 autem
438 800 519 862 milri
540 819 606 864 non
629 801 770 884 contigit.
793 801 871 865 Vidi
894 805 979 866 enim
1003 805 1204 887 cognovique
1228 804 1267 870 ab
1293 805 1364 870 aliis

238 913 318 976 viris
341 913 442 977 doctis
463 912 631 978 Hellenica
653 916 687 977 in
711 915 800 998 duaS,
823 915 862 978 ab
887 915 958 980 aliis
979 909 1014 979 in
1038 920 1103 980 tres
1128 921 1243 1000 partes,
1265 917 1362 1001 longo

237 1029 390 1111 temporis
424 1029 593 1092 intervallo
629 1030 738 1113 editas
773 1030 921 1114 discerni,
959 1035 991 1095 et
1022 1030 1062 1094 ab
1085 1031 1233 1114 utrisque
1255 1033 1366 1118 gravia

238 1139 344 1204 afferri
367 1146 562 1226 argumenta,
586 1161 700 1206 verum
722 1161 829 1226 noque
852 1147 924 1207 utra
947 1145 1104 1208 sententia
1122 1146 1227 1228 potior
1247 1146 1366 1209 sitsta-

237 1257 337 1337 tuere,
360 1273 466 1338 neque
488 1255 598 1320 ambas
621 1276 639 1320 a
663 1275 738 1320 voro
762 1256 919 1338 aberrare,
939 1256 1098 1340 aliamque
1118 1276 1188 1324 esse
1209 1277 1365 1342 quaeren-

239 1367 310 1432 dam
329 1369 415 1431 viam
436 1369 655 1434 demonstrare
666 1389 808 1453 possum,
821 1370 876 1434 sed
888 1369 1008 1434 dubius
1019 1372 1228 1454 incertusque
1240 1371 1363 1436 haereo.

239 1478 310 1555 Quo
341 1480 462 1545 factum
492 1485 550 1564 est,
578 1486 616 1546 ut
639 1483 729 1546 nullo
752 1483 883 1546 vinculo
906 1501 993 1547 meas
1017 1483 1255 1549 observationes
1278 1485 1364 1548 inter

238 1612 273 1657 se
296 1595 469 1677 iunxerim,
492 1613 598 1678 neque
621 1599 744 1678 partem
768 1595 908 1679 aliquam
934 1615 1045 1660 earum
1067 1595 1107 1659 ad
1127 1600 1249 1660 certum
1262 1596 1364 1680 quod·

239 1706 313 1770 dam
346 1709 547 1791 propositum
582 1710 803 1792 converterim,
834 1708 890 1773 sod
919 1713 1016 1793 prout
1048 1727 1196 1792 quaeque
1226 1710 1306 1774 mihi
1328 1711 1363 1772 111

237 1820 372 1904 legendo
404 1820 508 1885 oblata
539 1826 596 1904 ost,
626 1824 671 1886 ita
701 1807 789 1885 nunc
815 1824 850 1886 in
875 1821 1043 1886 scribendo
1068 1823 1128 1886 erit
1149 1823 1363 1907 proponenda

239 1931 343 2008 Quam
365 1938 470 1997 autom
497 1933 661 1998 diversum
685 1953 795 1999 aarum
815 1954 919 2018 genus
938 1936 981 1998 sit
999 1936 1077 2019 ipso,
1093 1933 1217 2018 Lector,
1229 1935 1363 2000 videbis.

236 2045 331 2110 Modo
365 2046 451 2112 enim
481 2050 698 2113 coniecturam
729 2048 961 2113 emendandive
991 2053 1154 2112 tentamen
1176 2067 1362 2133 proponam,

236 2159 340 2242 modo,
364 2159 404 2223 de
426 2160 647 2226 emendatione
669 2161 851 2245 desperans,
872 2161 989 2225 vitium
1008 2161 1128 2225 alicubi
1146 2161 1254 2244 latere,
1264 2161 1364 2246 idque

237 2273 420 2337 cuiusmodi
450 2275 491 2338 sit
513 2273 678 2356 indicabo;
703 2274 867 2338 interdum
889 2294 1007 2338 novam
1030 2274 1093 2338 loci
1117 2275 1364 2358 explicationem

238 2385 476 2470 commendabo,
498 2387 549 2452 vel
573 2386 728 2471 loquendi
753 2407 849 2451 usum
871 2387 1027 2471 exemplis
1046 2386 1224 2450 illustrabo.
1244 2385 1366 2452 Multos

238 2518 367 2582 quoque
398 2498 515 2563 notabo
545 2500 641 2582 locos,
678 2519 760 2583 quos
790 2501 871 2564 mihi
901 2500 985 2563 docti
1007 2501 1196 2583 interpretes
1219 2499 1365 2563 nondum

236 2613 313 2676 satis
343 2614 529 2696 perspicuos
561 2612 740 2678 reddidisse
763 2613 941 2677 videantur.
967 2610 1231 2676 coniecturarum
1255 2616 1363 2676 autom

234 2744 379 2790 mearum
390 2726 561 2810 pleraeque
574 2746 611 2791 eo
625 2726 841 2810 pertinebunt,
852 2731 889 2790 ut
901 2727 1125 2808 demonstrem,
1139 2746 1236 2810 quam
1248 2745 1362 2791 verum

234 2839 314 2903 illud
335 2841 385 2922 sit,
403 2839 490 2923 quod
501 2839 777 2922 Breitonbachius,
790 2840 996 2904 doctissimus
1009 2839 1249 2906 Hellenicorum
1262 2840 1363 2904 editor

234 2951 346 3034 (Praei.
366 2973 395 3037 p.
421 2954 474 3034 34)
505 2955 634 3017 statuit:
670 2953 785 3037 ,quod
816 2952 967 3017 omnibus
999 2953 1175 3018 multorum
1208 2952 1360 3016 manibus

234 3067 319 3130 tritis
341 3065 432 3130 libris
459 3066 543 3130 idem
569 3071 601 3130 et
622 3065 798 3130 Hellenicis
822 3065 946 3149 accidit,
970 3071 1006 3129 ut
1030 3066 1192 3129 rarissime
1215 3067 1362 3130 omissio·

234 3178 340 3261 nibuS,
363 3180 548 3263 saepissime
570 3179 870 3263 interpolationibus
895 3181 960 3243 sint
979 3177 1159 3263 corrupta.’'
1181 3177 1282 3243 (iuius
1302 3198 1360 3263 ego

235 3291 332 3356 verba
361 3293 413 3356 hic
443 3292 547 3375 affero,
579 3294 731 3376 quoniam
762 3297 871 3356 nostro
901 3297 1044 3374 tempore
1066 3292 1121 3354 illa
1144 3293 1364 3378 interpolatio·

236 3424 315 3468 num
338 3404 553 3469 tollendarum
577 3406 657 3468 ratio
681 3406 715 3467 in
740 3404 916 3468 multorum
940 3405 1132 3468 derisionem
1152 3407 1361 3489 contemptio-

236 3537 373 3602 nemque
403 3518 539 3582 adducta
570 3536 640 3582 esse
670 3517 804 3581 videtur.
836 3517 950 3601 Neque
972 3517 1018 3599 id,
1040 3517 1156 3599 hercle,
1179 3517 1361 3582 mirandum

235 3635 290 3695 est.
314 3629 411 3694 Haud
434 3649 505 3693 raro
528 3631 615 3698 enim
634 3630 779 3712 editores,
798 3635 965 3713 poetarum
984 3631 1180 3712 praesertim,
1198 3629 1360 3713 longiores

234 3744 331 3825 locos,
354 3762 435 3827 quos
459 3762 526 3806 non
548 3742 742 3826 intelligunt,
764 3743 893 3806 uncinis
916 3741 1090 3805 includunt
1108 3742 1161 3805 vel
1182 3742 1224 3804 ad
1242 3741 1360 3806 calcem

234 3858 369 3941 paginae
390 3856 541 3940 relegant,
565 3875 761 3938 quamquam
786 3855 866 3918 1111111
891 3856 1063 3936 continent,
1084 3853 1171 3937 quod
1191 3854 1362 3938 magistelli

233 3969 393 4034 falsariive
427 3989 560 4033 manum
595 3968 715 4052 prodat.
746 3967 905 4052 Equidem
938 3970 985 4032 sio
1015 3986 1140 4049 censeo,
1161 3986 1203 4031 ne
1225 3967 1361 4033 verbum

236 4082 374 4167 quidem,
409 4082 495 4165 quod
527 4081 623 4164 paulo
659 4080 827 4145 obscurius
858 4082 907 4163 sit,
938 4081 1153 4164 grammaticis
1184 4081 1236 4144 vel
1268 4083 1375 4168 semi-s

234 4198 337 4260 doctis
367 4194 540 4260 lectoribus
571 4213 641 4258 esse
664 4193 881 4276 tribuendum,
905 4195 961 4257 sed
984 4212 1022 4257 ea
1046 4194 1175 4258 demum
1197 4185 1361 4278 tamquam

235 4311 363 4376 inutilia
385 4310 602 4374 additamenta
620 4293 690 4374 csse
710 4307 947 4393 proscribenda,
966 4326 1049 4391 quae
1067 4311 1099 4372 et
1109 4309 1277 4391 perspicua
1289 4309 1363 4392 sint,
