3330 5262
727 614 791 676 313

196 801 299 883 vellet,
332 804 441 883 postea
477 805 583 863 autem
616 800 704 863 illam
740 799 994 863 observationem
1030 801 1065 862 in
1096 804 1221 863 textum
1253 819 1324 865 esse

195 919 370 997 receptam3
395 915 436 977 iis
459 914 545 976 enim
568 913 674 977 vorbis
698 913 819 995 deletis,
840 912 1031 996 sublataque
1049 914 1205 996 particula
1225 912 1256 976 δέ
1278 916 1322 996 (in

195 1030 244 1089 νῦν
278 1023 309 1088 δὲ
343 1024 563 1109 κεκομίκασιν),
597 1046 694 1108 quam
726 1026 838 1089 eodem
863 1031 1005 1109 tempore
1030 1031 1136 1089 natam
1163 1027 1322 1108 existima,

196 1140 298 1203 multo
322 1139 363 1201 ad
386 1139 569 1201 auditorum
593 1140 716 1202 animos
740 1139 914 1202 movendos
936 1139 1039 1221 aptior
1057 1137 1112 1201 fiet
1131 1136 1324 1218 Thrasybuli

197 1253 383 1333 adhortatio,
414 1250 675 1334 singularemque
705 1252 738 1313 in
763 1253 916 1314 continua
940 1252 1081 1314 oratione
1105 1252 1169 1313 vim
1195 1251 1325 1315 habebit

197 1365 346 1429 vocabuli
375 1367 422 1427 νῦν
454 1365 607 1447 repetitio.
638 1363 716 1427 Rem
743 1369 850 1428 autem
873 1365 906 1426 in
932 1364 1036 1428 medio
1060 1363 1224 1447 relinquo:
1250 1365 1323 1427 nolo

198 1481 284 1544 enim
305 1478 558 1560 Breitenbaohio,
579 1479 720 1560 quitum
742 1477 860 1541 multos
872 1496 1041 1560 perennes
1053 1478 1086 1539 in
1099 1476 1324 1560 Xenophontis

198 1593 373 1657 Helleniois
396 1595 516 1675 regnat,
540 1592 744 1674 pertinaciter
767 1590 899 1673 obloqui
921 1590 1032 1653 videri.

241 1706 298 1788 IV,
323 1707 372 1768 17.
396 1703 542 1780 εὐδοκίμων
565 1703 596 1767 δὲ
618 1702 667 1766 aa}
691 1702 728 1766 ίον
750 1725 794 1774 τις
817 1700 960 1782 daedalon·
984 1701 1127 1779 μνκμείον
1152 1703 1209 1782 γὰρ
1233 1703 1325 1776 οὐδεὶς

198 1815 270 1882 οὕτω
302 1814 436 1888 πλούσιος
460 1813 496 1878 ὢν
520 1820 613 1879 adhud
636 1812 781 1888 τεύξεταί.
808 1814 896 1891 Quae
920 1815 1091 1880 verborum
1116 1816 1260 1893 μνημείου
1284 1855 1326 1864 -

199 1926 332 2002 redierat
356 1931 398 1993 sit
421 1931 580 1994 sententia
602 1949 696 1993 nemo
720 1948 785 1991 non
808 1929 902 1992 videt.
926 1928 1025 1992 Nulla
1048 1931 1133 1993 enim
1158 1931 1234 1993 huio
1256 1930 1326 1994 loeo

202 2044 351 2108 convenit
386 2061 483 2125 quam
516 2041 647 2106 haecce:
679 2038 773 2112 οὐδεὶς
804 2039 862 2121 γὰρ
893 2037 964 2104 οὕτω
988 2038 1124 2112 πλούσιός
1145 2042 1223 2106 ἐστιν
1248 2039 1350 2113 ἔκνις’

198 2151 270 2219 οὕτω
305 2158 397 2218 κονλοῦ
436 2153 507 2238 (vel
542 2152 713 2238 καλλίονος)
747 2151 891 2230 μνημείου
922 2150 1067 2226 redierat.
1091 2155 1130 2217 Id
1153 2161 1259 2220 autem
1285 2157 1326 2220 iis

199 2268 316 2351 verbis,
347 2287 430 2351 quae
456 2287 544 2331 nuno
567 2268 727 2351 leguntur,
753 2265 927 2350 significari
949 2286 1043 2349 posse
1066 2269 1145 2330 mihi
1169 2288 1234 2331 non
1257 2286 1328 2352 per·

201 2382 327 2448 suadeo.
359 2381 456 2444 Haud
486 2381 569 2444 male
592 2379 787 2463 Koeppenus
810 2380 961 2444 coniecit:
985 2377 1079 2451 οὐδεὶς
1103 2379 1168 2443 οὐδὲ
1192 2378 1328 2454 πλούσιος

201 2493 237 2557 ὢν
261 2491 331 2558 οὕτω
355 2495 448 2556 autad
471 2489 616 2565 τεύξετοον.

244 2606 301 2688 IV,
327 2607 377 2669 18.
401 2606 505 2669 Finita
529 2605 749 2668 adhortatione
771 2603 991 2686 Thrasybulus
1015 2623 1050 2668 se
1068 2606 1108 2668 ad
1126 2606 1233 2670 hostes
1254 2626 1329 2670 oon·

202 2723 305 2803 vertit,
335 2738 441 2803 neque
471 2724 578 2783 tamen
609 2719 718 2782 statim
748 2719 905 2801 proelium
933 2720 1134 2782 committere
1157 2719 1255 2801 iubet,
1277 2717 1329 2782 aul

202 2832 259 2914 γίορ
294 2833 306 2896 ὃ
342 2830 450 2909 μοίντνς
482 2831 682 2912 ποοονίγγενλεν
713 2831 815 2900 αὐτοῖς
845 2829 888 2906 μὴ
912 2830 1043 2910 πρότερον
1066 2829 1239 2894 ε’ποτίίεσίοον
1262 2830 1329 2913 πρὶν

202 2952 258 3010 τῶν
282 2945 427 3028 σφετέρων
451 2943 467 3018 ἢ
491 2943 573 3008 πέσον
596 2967 640 3017 τις
665 2942 825 3024 ἢτοωίείκ.
845 2944 1029 3008 Admodum
1042 2947 1329 3028 perspicuahaute-

203 3080 266 3124 nus
296 3060 434 3123 narratio
464 3064 521 3141 est,
544 3063 575 3122 et
606 3057 773 3140 eiusmodi,
797 3062 834 3120 ut
858 3058 996 3140 quisque
1020 3057 1058 3120 de
1082 3057 1215 3141 reliquis
1238 3057 1331 3123 facile

205 3173 420 3237 coniecturam
454 3170 558 3235 faeere
592 3173 702 3254 possit.
734 3169 837 3233 Nemo
867 3171 963 3250 enim,
988 3173 1026 3232 ut
1049 3171 1169 3253 opinor,
1194 3176 1251 3252 est,
1274 3173 1330 3254 qui

204 3306 270 3350 non
295 3287 345 3349 his
367 3285 457 3349 lectis
480 3289 579 3368 putet,
603 3285 648 3347 ita
671 3303 760 3347 nuno
780 3285 965 3366 scriptorem
986 3301 1056 3347 esse
1075 3289 1330 3368 persecuturum,

206 3404 242 3464 ut
277 3404 383 3462 narret
416 3403 472 3462 aut
507 3397 646 3480 aliquem
681 3415 716 3460 se
749 3395 911 3479 obtulisse,
945 3401 981 3460 ut
1011 3416 1066 3480 pro
1091 3399 1204 3462 ceteris
1229 3404 1332 3463 certae

206 3513 302 3576 morti
333 3510 544 3591 occumberet,
567 3515 623 3574 aut
650 3512 756 3593 ipsum
781 3515 896 3592 vatem,
920 3511 1034 3574 ceteris
1057 3511 1107 3574 vel
1132 3510 1188 3573 fati
1211 3512 1332 3594 ignaris

208 3625 257 3688 vel
289 3623 521 3704 dubitantibus,
553 3622 630 3686 dum
662 3623 744 3686 alius
771 3623 870 3686 ulium
895 3627 1104 3705 exspectaret,
1125 3627 1198 3686 ante
1222 3641 1333 3686 omnes

207 3739 241 3799 in
265 3736 388 3800 hostem
408 3755 579 3818 pugnasse,
599 3737 775 3819 amicisque
794 3737 861 3800 suis
874 3735 1025 3799 vincendi
1037 3735 1221 3818 praebuisse
1233 3734 1333 3798 faoul·

209 3854 314 3913 tatem.
343 3847 457 3930 Neque
488 3848 570 3911 male
594 3849 752 3931 quispiam
776 3849 821 3910 ita
844 3847 983 3912 divinet:
1008 3866 1091 3930 quae
1115 3848 1200 3911 enim
1224 3847 1332 3911 futura

210 3964 347 4046 quisque
371 3966 533 4045 exspectet
554 3961 638 4024 fiunt
662 3962 776 4024 omnia.
800 3960 924 4024 Revera
944 3965 1208 4043 vatestamquam
1223 3960 1331 4024 divino

209 4076 364 4138 instinctu
389 4080 480 4138 actus
504 4051 577 4137 ante
600 4093 711 4138 omnes
734 4073 865 4156 prosilit,
889 4075 922 4135 in
945 4072 1052 4136 hostes
1073 4075 1230 4156 irrumpit,
1251 4075 1333 4136 ocei-

160 4259 162 4264 .
211 4189 265 4270 dit,
296 4188 432 4251 vineunt
462 4188 563 4249 amici.
596 4185 684 4261 Quae
714 4192 822 4249 tamen
845 4193 937 4248 antea
962 4185 1039 4248 dioit
1064 4187 1143 4248 mire
1167 4205 1239 4249 oum
1263 4188 1333 4268 ipsa

210 4303 390 4365 narratione
414 4304 543 4363 certant.
565 4298 655 4362 Haec
678 4299 761 4363 enim
786 4299 855 4362 eius
877 4296 974 4360 verba
993 4301 1086 4360 sunt:
1106 4293 1222 4359 ἐπειδὰν
1234 4294 1333 4373 μέντοι
