3348 5262
844 609 910 672 294

311 795 389 858 bula
410 791 478 856 οέντὶ
503 795 560 857 τῶν
582 793 615 856 ἐκ
638 792 699 856 όεοῦ
721 789 893 869 αναγκαόων
911 791 1093 870 ἀγνωμονεῖν
1115 786 1219 864 δόξητε
1239 795 1323 874 nata,
1335 810 1441 875 quove

315 909 411 973 medo
443 906 645 972 emendanda
670 907 736 970 sint
758 908 853 970 iuxta
876 925 952 970 eum
975 905 1193 989 ignauissimis
1216 906 1347 988 ignoro:
1370 904 1442 968 leve

315 1021 477 1105 quoddam
501 1022 628 1103 vitium,
652 1039 759 1104 neque
781 1025 892 1084 tamen
917 1038 982 1083 uon
1008 1018 1192 1100 molestum,
1214 1038 1256 1083 ex
1277 1020 1440 1103 sequenti-

314 1135 377 1199 bue
400 1134 511 1198 tollere
536 1134 616 1197 mihi
638 1151 733 1217 posse
756 1133 875 1197 videor.
900 1133 1116 1196 Accusativus
1140 1133 1226 1196 enim
1247 1132 1308 1210 οὐχ
1327 1131 1440 1204 ἱκανοὺς

314 1245 486 1325 γενομένους
517 1248 608 1311 nulle
633 1247 729 1311 nrodo
753 1247 908 1330 explicari
932 1245 1099 1310 defendive
1123 1251 1234 1329 potest,
1257 1265 1380 1329 proque
1402 1264 1440 1309 eo

315 1363 396 1445 quin
420 1361 592 1445 legendum
617 1362 659 1424 sit
681 1360 740 1439 οὐχ
763 1358 866 1423 ἱκανῶν
891 1356 1052 1436 γενομένων
1076 1359 1187 1423 nullus
1212 1357 1332 1422 dubito,

757 1838 933 1904 LIBER
965 1838 1007 1902 Π.

362 2053 468 2137 Caput
496 2051 523 2135 Ι,
547 2054 576 2115 2.
600 2052 756 2136 Spartani,
779 2054 835 2136 qui
858 2052 940 2116 duee
962 2051 1117 2115 Eteonieo
1141 2049 1315 2132 Mytilenae
1339 2050 1445 2113 relicti

318 2171 417 2249 erant,
448 2167 523 2230 inde
549 2172 620 2249 post
642 2168 801 2250 proelium
828 2165 913 2249 apud
935 2165 1117 2248 Arginusas
1140 2164 1240 2247 elapsi
1262 2163 1382 2230 Chium
1408 2181 1444 2226 se

318 2279 541 2342 contulerunt:
574 2278 619 2342 ibi
650 2278 808 2362 quamdiu
839 2283 942 2342 aestas
970 2282 1038 2341 erat
1061 2275 1220 2341 habebant
1244 2274 1338 2340 unde‘
1354 2277 1444 2339 vive-

317 2397 398 2475 rent,
423 2393 530 2456 hieme
552 2411 628 2456 vero
651 2393 801 2457 emnium
823 2410 934 2455 rerum
959 2393 1068 2474 inopia
1090 2390 1235 2454 laborare
1259 2394 1445 2472 coeperunt.

317 2505 414 2570 Multi
433 2524 508 2588 ergo
527 2524 639 2569 eorum
662 2506 882 2568 coniuratione
900 2503 983 2568 faeta
1002 2505 1035 2566 vi
1047 2502 1206 2567 Chiorum
1219 2501 1299 2566 urbe
1312 2501 1445 2586 opibus·

319 2637 382 2702 que
405 2619 501 2701 potiri
523 2618 751 2697 decreverunt3
777 2617 1008 2680 coniurationis
1031 2621 1140 2680 autem
1165 2617 1336 2699 participes
1360 2620 1444 2678 tarn-

319 2753 418 2816 quanr
450 2737 605 2796 tesseram
636 2729 774 2808 κόλαμον
799 2731 953 2796 ferebant.
977 2727 1136 2807 τνόόμενος
1161 2726 1192 2793 δὲ
1215 2729 1248 2793 τό
1271 2727 1446 2805 οόνόκμαό

317 2843 478 2916 Ἐτεόνικος
501 2841 613 2924 οέοτόρως
638 2842 692 2921 μὲν
715 2838 789 2922 εἶχε,
813 2842 844 2906 τό
864 2843 961 2923 χρῷτο
979 2843 1020 2922 τῷ
1039 2843 1209 2922 τραγματν,
1229 2841 1446 2914 narrantia

317 2963 374 3022 τῶν
393 2955 627 3037 καλαμηφόρων·
646 2958 680 3020 τό
697 2980 731 3020 τε
750 2955 807 3037 γόος
822 2957 855 3019 ἐκ
866 2960 917 3020 τοῦ
929 2956 1084 3036 ἐμφανοῦς
1097 2956 1281 3035 ἐτνχενρῆοαν
1294 2954 1444 3035 σφαλερόν

318 3070 407 3136 ἐδόκει
427 3064 507 3142 εἶναι,
529 3069 572 3147 μῦ
592 3071 631 3142 εἷς
643 3069 683 3134 τοῦ
695 3067 776 3134 ότλα
788 3068 933 3149 όρμήτωοο
946 3067 998 3132 καὶ
1011 3068 1064 3140 τὴν
1076 3066 1158 3131 πόλον
1171 3066 1379 3146 κατασχόντες
1392 3065 1446 3131 καὶ

318 3184 451 3263 τολέμνον
474 3185 620 3263 γενόμενον
643 3183 809 3248 οέτολέοωοο
832 3182 934 3247 νοοῦντα
952 3184 993 3246 τόν
1012 3180 1192 3263 πράγματα,
1213 3179 1249 3244 όον
1269 3180 1444 3261 κρατήσωσι,

319 3298 352 3362 τό
376 3299 403 3360 τ’
428 3291 467 3361 αὖ
488 3295 652 3360 ἀπολλύναι
673 3297 836 3378 οένόρότους
855 3294 1041 3374 ονμμοόχονς
1060 3293 1187 3365 πολλοὺς
1206 3292 1293 3357 δεινόν
1309 3292 1447 3372 ἐφαίνετο

320 3405 402 3483 εἶναι,
427 3410 470 3488 μό
494 3408 633 3474 τινακαὶ
659 3411 698 3482 εἰς
721 3409 788 3482 τοὺς
811 3407 922 3480 οέλλονς
942 3407 1096 3481 Ἕλλανας
1117 3405 1259 3485 διαβολὴν
1278 3412 1381 3484 σχοῖεν
1393 3403 1446 3469 καὶ

321 3525 344 3590 οἱ
367 3528 542 3605 στρατιῶται
566 3522 674 3587 δότνοοο
698 3524 766 3604 τορός
786 3523 826 3587 τόν
845 3521 1016 3603 πράγματα
1036 3515 1112 3584 ὦσον.
1133 3521 1316 3596 Sententiae
1334 3522 1447 3583 innon-

321 3641 457 3703 einnitas
480 3638 609 3701 nulluur
630 3638 780 3701 lectorem
806 3637 918 3721 fugere
938 3641 1051 3720 potest,
1071 3635 1127 3698 sed
1146 3633 1241 3698 habet
1261 3653 1325 3717 quo
1339 3631 1447 3696 defen·

323 3753 425 3816 datur.
449 3751 680 3815 Desiderantur
702 3752 788 3815 enim
811 3751 987 3814 sententiae
1006 3754 1121 3833 partae,
1142 3767 1225 3831 quae
1245 3753 1449 3830 opponantur

324 3865 446 3929 verbis:
478 3863 511 3927 τό
542 3864 575 3926 ἐκ
606 3865 655 3926 τοῦ
685 3864 838 3942 ἐμφανοῦς
864 3862 1048 3941 ἐπιχειρῆσαι
1071 3866 1103 3924 et
1125 3857 1161 3922 όον
1184 3859 1356 3938 κρατήσωσι.
1384 3857 1448 3922 Sed

322 3979 496 4043 verborum
516 3978 549 4041 τό
569 3978 601 4041 ἐκ
620 3981 670 4041 τοῦ
685 3979 839 4057 ἐμφανοῦς
850 3977 1033 4056 ἐπιχειρῆσαι
1046 3976 1230 4058 oppositum
1244 3975 1314 4044 sine
1327 3973 1447 4036 damno

324 4094 429 4156 omitti
449 4096 579 4174 peterat,
600 4092 675 4174 quia
695 4109 735 4154 ex
755 4096 859 4153 uetera
875 4091 1057 4152 narratione
1069 4085 1471 4171 cognoseirnus‚Eteoni-·

325 4225 400 4269 eum
438 4224 549 4269 seeum
581 4207 730 4268 statuisse
761 4209 904 4287 apertam
937 4204 1004 4264 vim
1036 4220 1102 4263 non
1130 4218 1200 4264 esse
1222 4198 1448 4280 adhibendam,

322 4318 458 4401 ideoque
493 4318 565 4381 dolo
596 4319 850 4380 coniurationem
883 4315 1095 4399 oppressisse;
1128 4318 1159 4377 et
1190 4312 1277 4395 quud
1305 4316 1378 4395 post
1409 4309 1447 4373 ἂν
