3348 5262
758 655 823 720 245

226 844 330 921 habet,
361 842 537 907 absurdum
570 861 621 907 me
653 843 900 927 deprehendisse
923 844 1037 907 vitium
1063 848 1165 911 credo.
1191 847 1244 912 Sic
1267 850 1352 912 enim

227 963 331 1041 rogat:
365 948 410 1037 ἆρ’
440 957 513 1027 εἰκὸς
543 958 627 1034 ἡμᾶς
659 955 798 1037 ποιρέντος
830 956 965 1035 δοιίμονος
997 956 1134 1036 μεγοέλου
1157 958 1210 1023 aad
1233 961 1274 1040 τῷ
1297 960 1353 1037 μὲν

226 1070 318 1151 χρόνῳ
349 1069 476 1143 ῖσήλικος
508 1077 570 1143 τοῖς
601 1069 743 1147 οῖειχενέσι
775 1071 857 1142 θεοῖς,
881 1078 917 1151 τῇ
942 1071 973 1134 δέ
997 1077 1097 1152 μορφῇ
1123 1069 1276 1148 νεωτοέτου,
1301 1071 1353 1137 aui

227 1183 344 1262 aspida
378 1183 433 1261 μὲν
467 1182 568 1247 ποῖντοι
603 1183 771 1263 ἐπέχοντος,
806 1189 895 1264 ψυχῇ
927 1185 958 1249 δέ
989 1185 1134 1266 ἀνθρώπου
1165 1185 1352 1268 ἐνιδρυμένον,

226 1294 364 1378 Ἔρυτος,
390 1295 434 1374 μὴ
452 1297 680 1374 ἐμννμονῆσοιις
701 1299 761 1362 hoc
781 1304 845 1362 est:
866 1318 944 1362 aum
964 1318 1103 1382 aequum
1124 1306 1173 1364 est
1185 1301 1353 1365 nosAmo·

226 1413 270 1474 ris
301 1430 366 1475 νιοιι
397 1430 468 1476 esse
497 1412 725 1476 immemores?
753 1412 830 1494 sive,
854 1412 940 1494 quod
965 1412 1074 1476 eodem
1100 1413 1191 1496 redit,
1215 1413 1353 1478 affirmat

226 1525 381 1609 Socrates,
404 1546 546 1611 aequum
569 1545 647 1609 esse,
671 1545 705 1592 se
728 1528 913 1610 amicosque
937 1528 1069 1592 Amoris
1093 1547 1163 1593 esse
1185 1529 1352 1593 immemo-

207 1637 286 1703 'res
312 1637 608 1723 Quantocius‘ergo
632 1640 859 1724 expellendum
884 1645 932 1705 est
956 1640 1146 1704 vocabulum
1173 1639 1226 1717 μή.

270 1752 361 1834 VIII,
392 1755 421 1816 2.
449 1751 639 1833 Κριτόβουλός
662 1778 698 1831 γε
722 1752 782 1831 μέρν
803 1751 856 1817 aui
881 1758 930 1818 νῦν
953 1754 1091 1834 ἐρώμενος
1115 1752 1151 1817 ὢν
1175 1752 1230 1827 ἤδη
1253 1752 1353 1818 ἄλλων

224 1865 368 1942 ἐπιθυμεῖ.
396 1865 472 1932 Iure
495 1868 657 1951 displicuit
680 1867 873 1932 Schneidero
897 1869 1099 1952 participium
1125 1865 1161 1930 ὤν
1185 1873 1258 1952 post
1280 1888 1353 1952 par·

225 1982 371 2065 ticipium
407 1981 545 2061 ἐρώμενος
578 1983 728 2066 positum.
765 1981 865 2046 eredo
900 1987 1004 2047 totum
1034 1982 1122 2046 istud
1152 1981 1290 2062 ἐρώμενος
1314 1980 1351 2044 ὤν

226 2095 301 2158 olim
333 2097 367 2158 in
390 2097 534 2180 margine
557 2101 747 2160 annotatum
769 2094 870 2160 fuisse
894 2117 913 2160 a
936 2097 1033 2160 sciolo
1058 2097 1215 2160 sermonis
1240 2095 1352 2160 Graeci

224 2229 338 2293 parum
361 2211 463 2293 perito
487 2210 527 2273 ad
551 2210 779 2294 explicandum
801 2207 853 2272 κοιῖ
878 2213 927 2273 νῦν
950 2207 1014 2281 ἤδη.

268 2323 359 2406 VIH,
392 2325 442 2387 12.
473 2323 537 2388 Ubi
567 2323 713 2388 Socrates
745 2328 869 2388 castum
895 2323 1012 2387 Calliae
1036 2341 1176 2386 amorem
1199 2322 1352 2404 laudavit,

224 2436 461 2521 Hermogenes:
497 2435 530 2509 uit
563 2435 616 2510 τὴν
652 2433 757 2517 Ἧροιν,
789 2433 858 2516 ἔφη,
890 2429 911 2499 ὦ
943 2434 1106 2515 Σώκροιτες,
1139 2431 1222 2497 ἄλλοι
1243 2432 1277 2498 τέ
1300 2457 1351 2498 σου

225 2548 325 2614 πολλοὶ
354 2547 478 2627 ἄχκμοιι
509 2547 561 2613 aa}
592 2547 635 2613 ὅτι
667 2554 716 2614 νῦν
747 2546 816 2626 ἅμοι
843 2546 1036 2628 χοιριζέμενος
1061 2547 1179 2630 Κολλῖιρ
1201 2543 1254 2610 κοιῖ
1279 2569 1349 2610 ποιι-

225 2664 314 2733 caesa
343 2665 433 2729 adria
461 2659 566 2745 οἷόνπερ
590 2663 650 2744 χρὴ
673 2657 754 2727 εἷνοιι.
778 2663 978 2727 Adverbium
1001 2659 1072 2738 ἐμοι
1093 2662 1261 2745 participio
1285 2682 1350 2739 χοι-

223 2777 368 2860 ριζόμενος
401 2781 546 2846 additum
581 2799 647 2843 non
680 2778 741 2843 fert
775 2778 1034 2842 coniunctionem
1069 2774 1128 2856 κου’,
1154 2794 1236 2859 quae
1262 2794 1350 2838 nuno

225 2894 360 2958 verbum
389 2891 534 2965 ποιιδεύεις
558 2893 727 2977 praecedit.
751 2892 789 2956 cf.
814 2891 926 2975 Oyrop.
953 2889 992 2972 V,
1017 2890 1046 2971 2,
1071 2890 1133 2951 22:
1158 2883 1228 2966 ι’έμοι
1250 2888 1350 2963 προιὼν

223 3009 421 3072 ἐπεσκοπεῖτο.

268 3121 359 3205 VIII,
391 3123 441 3186 17.
473 3121 540 3202 πρὸς
570 3120 601 3184 δὲ
631 3118 741 3191 τούτοις
772 3115 899 3182 πιστεύοι
930 3114 1004 3193 μήτ’
1027 3113 1064 3180 ῖιν
1084 3096 1167 3195 ’ποιροῖ
1192 3138 1220 3178 τι
1243 3113 1348 3189 ποιήσιρ

224 3234 298 3313 μήτ’
332 3233 368 3299 ἂν
403 3236 507 3312 κοιμὼν
541 3233 736 3315 ἀμορφότερος
767 3230 898 3310 γένντοιι,
922 3231 1077 3308 μειωθιῖνοιι
1099 3227 1136 3292 ta
1158 3227 1211 3301 τὴν
1235 3227 1348 3307 Φιλίου.

224 3352 287 3415 Pro
322 3357 472 3435 corrupto
506 3349 587 3430 rapat
622 3373 648 3412 τι
683 3346 788 3426 ποιῆσρ
822 3345 960 3410 Cobetus
991 3347 1128 3409 coniecit
1150 3339 1348 3422 πιιρκκμοῖσρ,

225 3465 311 3549 quod
342 3464 382 3528 ad
414 3465 604 3547 sententiam
636 3463 757 3544 attinet,
784 3461 926 3544 egregie;
952 3459 1008 3523 sed
1031 3458 1127 3542 paulo
1151 3455 1349 3540 probabilius

224 3579 352 3642 videtur
374 3576 546 3658 ποιρνβήσρ.

268 3692 359 3775 VIII,
384 3694 434 3756 29.
458 3690 507 3755 τὸν
529 3689 560 3754 δέ
583 3689 615 3752 ἐκ
638 3693 689 3752 τοῦ
712 3686 852 3764 σώμοιτος
874 3683 1056 3766 κρεμάμενον
1075 3681 1124 3747 beai
1143 3680 1174 3745 σι’
1190 3677 1348 3761 οῖντιφιλνὶ·

223 3830 295 3871 σειεν
327 3805 364 3870 ἐιν
394 3806 407 3871 e‘
431 3810 592 3875 ποιῖς....
617 3800 634 3876 ἐρ
659 3799 728 3865 διότι
751 3798 772 3865 οἳ
794 3799 911 3863 σπεύδει
935 3796 1072 3878 προέττειν
1095 3795 1175 3876 ποιροῖ
1197 3799 1253 3858 τῶν
1277 3816 1349 3857 ποιι-

224 3921 316 3994 δικῶν,
340 3917 426 3998 εἴργει
448 3917 585 3996 μοὶλιστοι
608 3915 675 3988 τοὺς
699 3913 813 3985 οἰκείους
836 3913 896 3978 cirri
921 3911 1046 3986 τούτους
1066 3910 1166 3974 Nihili
1186 3914 1234 3973 est
1253 3906 1347 3988 προέπ-

223 4059 280 4100 τειν
304 4033 386 4114 ποιροὶ
408 4037 465 4098 τῶν
487 4031 638 4095 ποιιδικῶν.
662 4030 860 4112 Requiritur,
884 4033 920 4091 ut
944 4028 1064 4110 opinor,
1087 4020 1266 4104 rpeirraclat
1290 4042 1347 4106 pro

223 4147 369 4229 προῖττειν.
403 4147 486 4212 Nam
519 4146 605 4230 quod
629 4143 641 4206 ὃ
664 4144 697 4207 ἐκ
720 4147 772 4206 τοῦ
795 4140 936 4217 σῶμοιπος
959 4136 1140 4219 κρεμοὶμενος
1165 4136 1204 4200 ab
1228 4137 1348 4199 amasio

223 4283 282 4329 suo
314 4263 384 4326 vult
414 4260 591 4340 impetrare,
620 4258 654 4321 id
687 4276 783 4340 quam
809 4255 949 4318 maxime
971 4254 1082 4316 inseiis
1105 4251 1194 4314 illius
1217 4251 1346 4333 propin-

225 4379 298 4461 quis
320 4373 472 4460 perlioere
496 4377 637 4437 conatur.
