3352 5260
745 606 806 667 121

225 791 373 875 loquium
408 810 484 855 cum
517 791 680 855 Theodora
712 790 782 873 (III,
818 790 878 871 11).
913 789 1081 855 Eiusmodi
1110 791 1198 855 locos
1226 793 1283 874 qui
1313 793 1348 855 in

227 902 489 969 Memorabilibus
520 904 663 988 legendis
695 923 821 988 semper
852 908 926 967 ante
956 903 1065 968 oculos
1094 902 1218 986 habeat,
1243 905 1349 969 hercle

226 1037 292 1081 non
313 1016 393 1080 ferat
413 1036 470 1100 pro
490 1016 734 1102 Xenophonteis
753 1015 816 1081 sibi
831 1017 989 1080 venditari
1007 1035 1052 1099 ea,
1068 1035 1150 1100 quae
1167 1017 1231 1080 sint
1242 1017 1349 1100 inepta

227 1136 259 1195 et
290 1131 433 1214 puerilia,
461 1132 576 1194 vitioso
599 1130 651 1194 vel
674 1132 782 1214 potius
806 1130 896 1193 nullo
919 1148 1066 1194 sermone
1089 1131 1270 1214 composita,
1294 1129 1349 1194 ob-

229 1264 331 1327 scura,
354 1246 490 1328 sanique
513 1244 675 1328 scriptoris
697 1244 826 1327 ingenio
849 1245 1068 1327 repugnantia.
1092 1242 1155 1308 Sed
1174 1244 1213 1307 ad
1234 1263 1349 1309 censu-

228 1377 296 1421 ram
319 1355 576 1421 Memorabilium
599 1356 832 1421 transeundum
856 1361 912 1420 est.

272 1924 341 1989 Iam
373 1923 487 1988 haereo
520 1925 554 1987 in
590 1925 640 2006 iis,
674 1943 756 2008 quae
789 1924 865 1988 inde
899 1944 917 1987 a
951 1920 1146 2001 διετεθρύλητο
1177 1919 1234 2002 γάρ
1266 1923 1297 2003 (ξ
1318 1923 1349 2004 2)

230 2056 334 2121 usque
356 2037 396 2101 ad
418 2036 514 2102 finem
537 2038 726 2121 paragraphi
749 2039 880 2120 quintae
903 2036 942 2101 de
965 2035 1104 2101 Socratis
1122 2035 1216 2119 genio
1236 2034 1349 2098 dicun-

229 2155 291 2214 tur.
320 2150 467 2214 Primum
497 2150 582 2213 haud
606 2148 703 2214 dubie
724 2169 782 2233 pro
806 2146 1001 2227 διετεθρύλητο
1022 2145 1080 2227 γάρ
1103 2147 1275 2232 legendum
1301 2152 1350 2211 est

229 2260 423 2342 διετεθρύλητο
447 2260 494 2326 δέι
518 2266 688 2346 postquam
708 2263 794 2326 eninr
815 2261 930 2326 duobis
950 2262 1146 2345 argumentis
1164 2259 1262 2344 (quod
1282 2279 1349 2324 rem

230 2376 372 2440 divinam
405 2375 509 2439 facere
543 2373 664 2439 solebat
696 2374 841 2439 Socrates
875 2376 910 2437 in
943 2375 1007 2438 aris
1039 2373 1185 2458 publicio,
1208 2378 1240 2438 et
1263 2373 1350 2457 quod

230 2489 362 2553 deorum
393 2488 590 2552 voluntatem
621 2489 791 2572 exquirere
822 2487 952 2570 solebat)
983 2487 1111 2552 refutati
1138 2491 1215 2552 sunt
1236 2488 1270 2571 ii,
1294 2488 1351 2571 qui

229 2601 426 2667 contendunt
448 2600 609 2666 Socratem
633 2601 664 2665 οὐ
689 2599 811 2681 νομίζειν
831 2597 878 2673 οὓς
897 2601 914 2674 ἦ
934 2599 1018 2673 πόλις
1038 2599 1147 2681 νομίζει
1166 2598 1253 2673 θεούς,
1264 2620 1350 2665 nova

229 2734 280 2779 res
303 2715 441 2797 affertur,
467 2734 485 2780 e
509 2735 573 2799 qua
594 2717 767 2800 impietatis
791 2717 912 2780 crimen
934 2717 970 2780 in
991 2715 1153 2780 Socratem
1177 2715 1217 2779 ab
1240 2715 1350 2779 adver·

230 2829 322 2894 seriis
345 2827 476 2892 conflari
498 2830 607 2913 possit.

275 2940 361 3017 Quid
390 2947 496 3006 autem
529 2942 568 3006 de
595 2941 732 3006 Socratis
754 2943 849 3026 genio
873 2942 1006 3006 dicitur:
1030 2941 1118 3006 Nihil
1141 2941 1228 3006 aliud
1253 2960 1351 3025 quam

229 3054 306 3117 hoc:
339 3053 492 3137 Socrates,
523 3075 624 3138 quum
654 3055 710 3118 illo
741 3057 872 3120 nomine
901 3053 1047 3132 δυιμυυίου
1068 3054 1227 3137 utebatur,
1249 3055 1350 3118 multo

229 3167 347 3231 rectius
370 3187 468 3251 quam
490 3169 545 3232 alii
567 3187 677 3232 omnes
702 3168 787 3251 quod
810 3169 844 3230 in
868 3169 974 3232 animo
997 3166 1133 3231 habebat
1156 3166 1350 3231 enuntiabat

231 3279 333 3344 Ceteri
365 3281 449 3344 enim
485 3281 588 3345 dicere
623 3281 742 3344 solent:
779 3300 880 3363 „aves
912 3281 991 3345 mihi
1020 3279 1262 3365 significarunt”
1295 3300 1351 3364 pro

233 3393 305 3475 „dii
333 3411 390 3476 per
418 3412 493 3458 aves
523 3394 603 3457 mihi
634 3393 892 3478 significarunt'’;
917 3393 1063 3458 Socrates
1087 3412 1162 3458 vero
1187 3394 1351 3457 communi

230 3506 398 3572 hominum
431 3509 606 3572 sententiae
641 3509 883 3572 convenienter:
915 3555 935 3580 „
944 3507 977 3571 τὸ
1009 3506 1154 3584 δυιμδνιον
1184 3506 1349 3584 repulsat

230 3619 283 3683 Ex
306 3639 343 3685 ea
365 3619 503 3686 Socratis
528 3621 711 3687 defensione
734 3621 868 3706 liquido,
891 3627 928 3686 ut
950 3623 1071 3705 opinor,
1095 3626 1232 3706 apparet,
1253 3622 1352 3705 serip-

231 3739 331 3798 torem
361 3740 491 3818 putasse
522 3735 574 3798 vel
596 3734 739 3818 finxisse,
763 3734 901 3798 Socratis
922 3735 1054 3818 genium
1078 3753 1148 3799 esse
1171 3754 1273 3797 unum
1296 3737 1351 3796 τῶν

231 3843 468 3924 ὁμολογουμένων
498 3847 573 3919 θεῶν,
605 3853 661 3910 aut
689 3846 722 3910 τὸ
746 3844 890 3923 δαιμόνιον
914 3865 984 3911 esse
1007 3866 1124 3911 nomen
1148 3846 1351 3910 collectivum

231 3978 289 4043 pro
312 3957 336 4022 oi
358 3958 428 4023 troi:
460 3959 601 4043 alioquin
626 3961 710 4024 enim
734 3959 814 4023 nihil
837 3960 963 4041 diceret,
987 3959 1074 4043 quod
1096 3955 1268 4042 impietatis
1281 3939 1353 4022 ¹cri-

230 4090 305 4136 men
340 4093 359 4136 a
392 4072 521 4137 Socrate
555 4072 745 4137 defenderet.
778 4073 864 4137 Illud
895 4092 970 4137 vero
1003 4075 1077 4157 quis
1100 4073 1227 4142 credere
1252 4049 1353 4157 possit

231 4183 478 4269 Xenophontem
505 4185 556 4250 vel
583 4185 645 4250 sibi
667 4188 865 4270 persuasisse
889 4187 939 4250 vel
963 4188 1091 4250 mentiri
1114 4206 1231 4251 ausum
1256 4187 1351 4251 esse?

232 4295 397 4383 Quidquid
426 4300 512 4362 enim
542 4303 591 4363 est
620 4297 653 4362 rb
676 4296 846 4379 Σωκράτους
872 4297 1027 4376 δαιμόνιον,
1051 4300 1112 4363 hee
1133 4301 1217 4363 inter
1242 4319 1352 4364 omnes
