3348 5262
864 608 928 671 282

330 796 397 870 τοὺς
419 795 575 874 πολεμίους
599 799 684 859 recte
707 794 851 859 refertur.
875 792 979 859 Credo
1004 814 1080 879 ergo
1104 797 1150 859 sio
1173 795 1240 860 fere
1260 795 1457 881 Xenophon-

329 916 394 976 tem
425 912 607 994 scripsisse:
637 910 687 972 τοῦ
711 931 745 972 τε
767 906 870 988 χωρίου
894 908 1098 985 ἐπιμελεῖσθαι
1121 905 1173 973 καί
1196 912 1254 972 τῶν
1275 908 1458 974 ἐκπλεόντων

329 1023 434 1088 πλοίιον
461 1020 624 1108 (κατοόγειν
646 1019 687 1084 τόι
710 1019 861 1106 πολέμια)
887 1018 937 1085 καί
960 1018 987 1084 εί
1002 1043 1030 1085 τι
1050 1019 1127 1085 όιλλο
1146 1021 1218 1094 ari,
1240 1022 1457 1088 verbaautem

328 1137 454 1202 inclusa
476 1136 643 1201 excidisse.

373 1250 399 1334 1,
422 1253 463 1315 27
478 1271 524 1335 sq.
547 1250 825 1332 Syracusanorum
850 1248 948 1314 duces
972 1254 1100 1334 accepto
1124 1252 1249 1333 nuntio,
1273 1270 1308 1315 se
1331 1253 1366 1314 in
1389 1253 1460 1314 exi-

326 1366 410 1430 lium
442 1364 553 1448 pulsos
587 1382 666 1445 esse,
695 1365 877 1427 contionem
910 1362 1049 1426 militum
1082 1362 1249 1445 advocant,
1270 1363 1381 1448 ibique
1417 1364 1459 1428 de

329 1497 388 1542 sua
411 1483 495 1542 sorte
518 1478 746 1558 lamentantur,
769 1476 963 1540 obtestantes
988 1476 1133 1559 iniquam
1156 1481 1187 1540 et
1198 1477 1353 1540 iniustam
1365 1476 1455 1541 illam

327 1609 463 1674 poenam
486 1608 563 1654 esse.
588 1585 754 1669 παρῄνεοοίν
777 1611 811 1651 τε
834 1585 995 1667 προθύμους
1018 1579 1089 1650 εἶναι
1110 1584 1160 1651 καί
1180 1586 1221 1650 τόι
1239 1585 1338 1660 λοιποί,
1362 1585 1458 1670 ὥσπερ

327 1702 369 1768 τόν
402 1702 524 1784 πρότερα
557 1709 607 1765 καί
636 1701 743 1782 ἄνδρας
773 1699 903 1779 οίγαόοὺς
934 1701 1002 1780 πρὸς
1032 1699 1073 1763 τόν
1095 1697 1143 1763 οίεί
1166 1699 1456 1780 παραγγελλόμενα,

328 1814 443 1880 ἑλίοόαι
468 1815 494 1879 δ’
518 1814 646 1879 ε’κὲλευον
669 1815 818 1895 όιρχοντας
842 1811 931 1893 μέχρι
954 1810 991 1877 aa
1013 1812 1180 1893 οὶφίκωντοιι
1200 1813 1224 1877 οί
1244 1812 1375 1893 ᾑρημένοι
1387 1814 1456 1878 οίντ’

327 1928 448 1994 ἐκείνων.
473 1928 592 1994 Milites
617 1948 691 1992 vero
716 1929 898 1993 exclamant
916 1927 981 1992 illis
1001 1927 1171 2010 imperium
1185 1946 1255 1992 esse
1267 1929 1457 2012 tenendum,
1504 1915 1510 1924 ¹

328 2043 427 2106 duces
463 2046 574 2106 contra
607 2046 738 2106 monent
773 2059 837 2104 non
870 2058 940 2105 esse
971 2040 1126 2104 adversus
1148 2041 1292 2123 ipsorum
1317 2044 1456 2124 patriam

327 2155 548 2239 pugnandum.
575 2154 599 2217 εί
622 2151 653 2218 δέ
677 2177 721 2226 τις
743 2152 894 2225 ἐπικαλοίη
918 2175 946 2215 τι
970 2153 1071 2223 αὐτοῖς
1094 2150 1181 2230 λόγον
1203 2150 1323 2232 ἔφασαν
1345 2160 1456 2233 χρῆναι

330 2264 446 2341 διδόναι,
472 2266 678 2345 μεμνημένους
701 2265 772 2337 όοας
795 2290 829 2330 τε
851 2265 1028 2345 ναυμαχίας
1051 2263 1136 2328 αὐτοὶ
1159 2264 1225 2329 καθ’
1253 2265 1360 2337 αὑτοὺς
1383 2291 1456 2331 νενι-

325 2378 437 2453 κήκατε
469 2378 521 2445 καί
558 2384 627 2451 ναῦς
656 2379 807 2460 εἰλήφατε
840 2377 897 2442 όοα
926 2401 960 2442 τε
992 2377 1073 2456 μετόι
1103 2381 1159 2441 τῶν
1190 2375 1289 2441 ι’ίλλυν
1312 2378 1457 2452 atnam

326 2491 470 2571 γεγόνατε
503 2495 586 2571 ἡμῶν
617 2491 792 2570 ἡγουμένων,
824 2487 909 2564 τοίξιν
940 2487 1060 2570 ἔχοντες
1090 2490 1143 2562 τὴν
1166 2490 1322 2570 κρατίσταν
1346 2489 1396 2556 διοί
1420 2516 1456 2556 τε

325 2607 378 2679 τίον
410 2605 552 2686 ὑμετέραν
583 2605 687 2686 οίρετίον
718 2603 769 2670 καί
794 2603 842 2668 διόι
865 2603 918 2676 τίον
942 2602 1086 2683 ἡμετέραν
1110 2602 1269 2684 προθυμίαν
1293 2602 1345 2667 καί
1368 2605 1454 2668 κατα

325 2727 382 2797 γῆν
423 2718 472 2783 καί
505 2718 586 2783 κατόι
622 2717 775 2783 όοίλατταν
811 2715 1012 2796 ὑπόρχουσαν.
1047 2716 1168 2781 Locum
1204 2719 1281 2780 satis
1315 2717 1453 2801 longum

326 2835 491 2916 exscripsi,
526 2852 589 2916 quo
625 2834 728 2916 magis
758 2832 966 2916 perspicuum
999 2836 1091 2912 esset,
1114 2831 1184 2894 eius
1211 2830 1356 2894 ordinem
1380 2850 1453 2896 esse

325 2944 500 3008 turbatum.
527 2944 629 3009 Nemo
654 2946 747 3026 enim,
772 2950 808 3008 ut
832 2945 953 3026 opinor,
976 2944 1083 3008 credet
1104 2942 1177 3006 ideo
1201 2943 1318 3007 milites
1342 2944 1454 3007 admo-

326 3061 404 3142 neri,
439 3063 476 3122 nt
510 3078 618 3122 rerum
653 3078 672 3121 a
703 3076 737 3122 se
769 3058 846 3121 olim
869 3061 954 3122 terra
975 3058 1121 3139 marique
1142 3055 1266 3120 fortiter
1287 3062 1453 3139 gestarum

325 3191 482 3235 memores
517 3173 589 3253 sint,
623 3175 660 3234 ut
694 3170 873 3253 intelligant
909 3168 1046 3232 ducibus
1077 3173 1184 3246 χρῆναι
1215 3166 1301 3245 λόγον
1333 3167 1450 3231 διδόναι.

326 3284 411 3361 Quid
430 3286 515 3350 enim
535 3286 622 3361 λόγον
648 3282 754 3346 διδόναι
768 3283 950 3367 significat?
962 3282 1086 3365 Nempe
1098 3282 1237 3364 aliquem
1250 3301 1316 3344 non
1328 3281 1453 3346 indicta

325 3417 422 3462 causa
444 3396 657 3460 condemnare
681 3395 736 3460 sed
760 3397 790 3460 ei
813 3397 937 3478 copiam
957 3395 1032 3458 dare
1052 3399 1153 3458 semet
1173 3393 1380 3474 defendendi,
1395 3397 1454 3459 oui

325 3516 431 3577 autem
456 3530 492 3576 ea
515 3529 565 3574 res
588 3511 793 3593 permittitur,
815 3511 843 3573 is
863 3507 951 3585 λόγου
975 3513 1075 3585 τυχεῖν
1088 3508 1212 3571 dicitur.
1225 3507 1272 3572 cf.
1285 3506 1453 3572 Demosth.

324 3644 380 3709 pro
404 3623 476 3688 Cor.
500 3645 529 3708 p.
554 3625 635 3686 229:
660 3623 690 3686 οὐ
713 3620 770 3702 γόιρ
793 3620 981 3701 scalprata
1006 3620 1103 3683 δεῖτὸ
1122 3620 1284 3700 προσελόεῖν
1302 3620 1342 3700 τῷ
1364 3619 1452 3701 δόμῳ

323 3734 376 3800 καί
408 3733 496 3814 λόγου
527 3742 642 3813 τυχεῖν.
673 3735 862 3800 Absurdum
886 3740 992 3798 autem
1015 3735 1144 3798 videtur
1166 3733 1264 3798 duces
1289 3733 1370 3814 illos,
1392 3735 1452 3798 ho-

325 3852 427 3914 mines
451 3849 583 3932 nobiles,
608 3867 750 3932 suaeque
773 3848 835 3913 sibi
858 3849 987 3912 virtutis
1012 3849 1168 3929 conscios
1180 3846 1337 3910 militibus
1349 3849 1452 3912 vieto-

323 3965 388 4026 rias
422 3982 480 4026 suo
516 3962 616 4026 ductu
652 3966 825 4045 reportatas
859 3962 894 4022 in
929 3961 1115 4023 memoriam
1149 3977 1310 4041 revocare,
1344 3965 1381 4022 ut
1415 3962 1452 4024 id

323 4078 502 4160 impetrent,
528 4075 615 4158 quod
639 4094 679 4139 ne
705 4075 744 4138 de
767 4073 858 4157 plebe
883 4073 1012 4156 quidem
1035 4071 1188 4136 maleficis
1210 4073 1321 4155 negari
1340 4071 1452 4138 soleat.

322 4187 394 4252 Hoc
425 4207 554 4271 quoque
585 4188 706 4252 accedit
729 4187 815 4271 quod
838 4187 920 4249 illud
943 4182 1148 4262 μεμνημένους
1173 4182 1245 4255 όοας
1270 4183 1452 4262 ναυμαχίας

322 4299 488 4374 νενικήκατε
511 4299 571 4364 κτὲ.
597 4299 805 4364 hauddubie
829 4300 868 4364 de
892 4304 958 4363 toto
983 4299 1126 4362 exercitu
1147 4298 1345 4379 dictumest;
1359 4317 1452 4364 nunc
