3352 5260
743 626 806 689 173

203 818 387 877 convertere
418 817 515 894 atquc
544 812 588 874 ita
616 810 714 874 finem
744 813 907 894 imponere
938 809 1200 893 confabulationi,
1233 832 1331 895 quam

204 945 279 989 cum
310 925 364 988 illo
388 925 577 1000 instituerat,
602 925 658 988 sed
682 943 746 987 non
769 923 851 987 illud
873 922 1082 1007 Xenophonti
1106 925 1183 987 vitio
1207 929 1332 987 vertere

204 1058 343 1121 aequum
375 1057 498 1120 censeo,
530 1038 617 1120 quod
647 1037 740 1100 illum
772 1038 934 1122 epilogum
960 1038 1111 1119 omiserit,
1134 1037 1190 1101 sed
1213 1039 1331 1120 potius,

207 1152 293 1234 quod
327 1154 412 1216 iusto
445 1152 575 1234 longius
606 1149 746 1214 Socratis
778 1170 851 1214 cum
885 1149 1050 1214 Critobulo
1084 1132 1332 1233 disputationem

205 1267 411 1351 protraxerit3
442 1267 529 1329 illam
561 1267 647 1329 enim
677 1265 898 1329 brevissimam
930 1284 1000 1328 esse
1032 1265 1199 1348 oportebat
1228 1283 1332 1348 neque

206 1381 358 1445 excedere
381 1399 564 1445 mensuram
583 1380 736 1463 prooemii
756 1379 796 1442 ad
816 1380 1032 1442 narrationem
1054 1378 1093 1440 de
1113 1377 1332 1441 Ischomache.

206 1493 249 1557 ut
275 1495 427 1577 quoniam
451 1495 617 1562 verissima
639 1493 718 1554 mihi
743 1493 901 1556 sententia
923 1491 1051 1555 videtur
1075 1489 1228 1574 praeclari
1252 1488 1331 1553 Ger-

207 1626 376 1670 manorum
406 1611 517 1690 poetae
540 1605 793 1689 philosophique,
817 1623 881 1687 quo
906 1622 999 1667 nemo
1024 1605 1143 1667 rectius
1167 1601 1334 1666 subtilius-

209 1739 272 1803 que
302 1721 341 1784 de
371 1725 438 1783 arte
469 1721 603 1802 eiusque
632 1718 758 1802 legibus
787 1719 950 1799 iudicavit,
978 1717 1065 1780 haud
1089 1717 1227 1800 graviter
1251 1716 1332 1779 iflud

210 1852 280 1897 esse
303 1834 448 1916 scriptori
470 1833 695 1916 imputandum
719 1833 843 1914 vitium,
863 1831 949 1915 quod
968 1831 1067 1895 semel
1086 1829 1238 1894 vertendo
1259 1830 1332 1893 stilo

209 1948 324 2030 corrigi
345 1947 454 2030 possit,
466 1945 673 2028 Xenophonti
697 1963 827 2028 quoque
850 1945 986 2008 huiusce
1010 1945 1080 2007 vitii
1103 1945 1230 2007 veniam
1255 1943 1332 2006 dan-

209 2060 282 2121 dam
305 2078 376 2122 esse
397 2061 556 2122 existimo.
580 2056 674 2133 Quod
697 2059 725 2122 si
748 2059 821 2142 quis
844 2063 961 2139 censet,
985 2077 1021 2122 eo
1045 2077 1176 2141 quoque
1200 2059 1331 2121 nomine

207 2171 453 2254 improbandum
483 2191 552 2236 esse
584 2171 841 2253 Oeconomicum,
874 2171 960 2254 quod
983 2172 1079 2234 nimis
1102 2171 1177 2233 laxo
1201 2170 1331 2233 vinculo

207 2285 292 2348 inter
322 2305 356 2349 se
384 2286 573 2349 cohaereant
594 2286 765 2368 disputatio
789 2304 864 2348 cum
888 2283 1050 2348 Critobulo
1075 2289 1106 2348 et
1128 2285 1267 2347 narratio
1292 2283 1332 2347 de

207 2397 424 2480 Ischomache,
442 2399 497 2462 illa
516 2418 646 2482 quoque
663 2399 909 2482 reprehensione
927 2397 1176 2481 Xenophontem
1189 2395 1329 2460 liberabo

206 2513 299 2576 filum
323 2515 483 2597 quoddam
507 2514 787 2577 demonstrationis
809 2512 989 2593 indicando,
1012 2511 1108 2595 quod,
1133 2529 1329 2593 quamquam

207 2646 264 2711 per
293 2632 396 2691 totum
425 2627 543 2690 librum
567 2629 724 2711 percurrit
748 2645 853 2710 neque
876 2625 1049 2689 admodum
1075 2631 1123 2689 est
1147 2623 1330 2704 obscurum,

207 2745 313 2804 tamen
335 2760 401 2808 non
425 2741 535 2805 dubito
560 2743 640 2824 quin
664 2741 783 2804 multos
807 2739 940 2804 lectores
963 2738 1059 2822 paulo
1082 2738 1330 2821 negligentiores

208 2853 334 2936 fugerit.
351 2852 458 2936 Capite
470 2855 489 2916 3
507 2854 525 2935 ξ
539 2853 557 2914 6
571 2852 715 2917 Socrates
727 2851 894 2935 significat,
907 2869 976 2914 esse
990 2850 1150 2933 quoddam
1164 2850 1330 2912 hominum

209 2985 322 3050 genuS,
342 2968 396 3051 qui
417 2987 518 3050 quum
537 2966 751 3050 agriculturae
767 2984 801 3028 se
814 2983 942 3048 operam
955 2963 1030 3027 dare
1042 2963 1157 3044 dicant,
1171 2967 1277 3025 tamen
1290 2980 1331 3025 ne

209 3085 335 3145 tantum
359 3080 488 3171 quidem
516 3099 557 3144 611
580 3081 664 3163 agnis
687 3081 756 3143 suis
780 3079 963 3163 percipiant,
986 3082 1023 3141 ut
1046 3077 1107 3140 sibi
1126 3094 1239 3160 parare
1258 3094 1332 3158 pos·

209 3193 282 3275 sint,
315 3212 398 3277 quae
428 3193 468 3256 ad
492 3195 575 3256 vitae
598 3213 694 3256 usum
719 3195 784 3255 sint
807 3191 993 3255 necessaria.
1015 3189 1119 3273 Rogat
1144 3187 1331 3252 Critobulus

209 3326 291 3390 quae
322 3308 363 3370 sit
392 3309 487 3370 istius
518 3309 564 3370 rei
596 3325 700 3370 causa.
722 3304 797 3369 Non
820 3307 927 3368 statim
950 3305 990 3367 ad
1014 3323 1084 3368 eam
1107 3303 1327 3386 quaestionem

209 3420 379 3504 respondet
409 3419 563 3500 Socrates,
586 3420 641 3483 sed
664 3424 736 3503 post
758 3419 877 3482 multas
900 3417 1048 3501 ambages
1072 3417 1176 3500 capite
1199 3416 1330 3480 demum

208 3535 227 3596 6
260 3535 278 3615 ξ
304 3535 343 3596 11
368 3534 408 3596 ad
431 3533 503 3596 illos
525 3533 671 3596 homines
693 3533 873 3613 revertitur,
897 3537 928 3596 et
953 3533 1134 3595 narratione
1158 3530 1197 3593 de
1220 3529 1331 3592 Ischo-

208 3646 320 3710 macho
361 3647 577 3710 demonstrare
620 3651 754 3710 conatur
793 3645 921 3709 illorum
955 3646 1083 3729 inopiae
1117 3644 1330 3725 miseriaeque

208 3761 332 3823 nullam
365 3760 458 3823 aliam
494 3780 591 3843 quam
625 3757 768 3836 aptata
804 3779 934 3823 oausam
969 3779 1047 3823 esse.
1077 3757 1148 3820 Hoc
1181 3759 1265 3820 inter
1297 3774 1331 3820 se

209 3875 338 3938 vinculo
368 3879 538 3958 utramque
564 3873 639 3937 libri
662 3877 783 3955 partem
806 3874 974 3937 cohaerere
997 3872 1083 3935 haud
1107 3870 1235 3934 difficile
1258 3888 1330 3952 cog·

209 3988 280 4051 nitu
310 3993 365 4052 est.
397 3986 505 4070 Capite
531 3988 616 4051 enim
639 3985 713 4069 XV,
736 3987 754 4068 ξ
780 3988 798 4050 3
822 3985 861 4050 ab
884 3985 1091 4049 Ischomacho
1114 3985 1192 4067 petit
1215 3982 1330 4047 Socra-

208 4104 265 4181 166,
300 4105 338 4162 111
370 4119 404 4164 se
437 4101 539 4183 ipsam
572 4100 785 4183 agriculturae
819 4103 917 4162 artem
952 4098 1072 4179 doceat,
1103 4100 1134 4159 ct
1156 4115 1214 4158 cur
1238 4095 1325 4156 illam

209 4213 329 4278 discere
353 4215 428 4278 velit
450 4213 500 4277 his
524 4212 629 4277 verbis
653 4212 826 4296 significat:
854 4212 957 4293 „haec
980 4212 1065 4274 enim
1087 4209 1221 4273 fortasse
1243 4206 1330 4288 facit,

209 4331 245 4391 ut
276 4328 333 4410 qui
363 4346 432 4391 eam
460 4326 571 4390 calleat
594 4326 683 4390 dives
705 4325 771 4409 fiat,
794 4327 849 4408 qui
873 4325 942 4389 eius
966 4325 1008 4388 sit
1030 4325 1199 4410 imperitus
1222 4321 1331 4404 inopia
