3348 5262
860 596 924 660 206

326 781 551 864 interpolatore
581 788 659 845 sunt
680 780 811 844 addita?
834 779 972 864 Reliqua
995 781 1079 846 enim
1104 799 1169 844 non
1192 781 1289 846 nimis
1312 779 1449 846 absurda

327 901 412 976 sunt,
446 913 551 978 neque
584 894 756 958 admodum
794 895 911 958 mirum
949 894 1076 958 videtur
1109 892 1368 978 Xenophontem,
1402 897 1447 958 rei

328 1009 485 1092 equestris
509 1008 605 1092 paulo
629 1009 730 1091 magis
752 1009 846 1072 etiam
867 1027 963 1090 quam
978 1008 1156 1072 venationis
1169 1007 1449 1089 amantemfuisse,

328 1122 464 1204 ideoque
491 1119 531 1183 τίι
552 1119 669 1184 κννίδια
694 1119 816 1184 dixisse
839 1123 896 1182 τῶν
918 1115 1014 1182 ίππιον
1037 1120 1138 1198 πολλῷ
1161 1118 1214 1192 τήν
1237 1118 1359 1197 γνιίμην
1382 1112 1451 1183 εἶναι

329 1232 526 1314 ὑποδεέστερα.

374 1347 466 1429 XIH,
492 1352 518 1412 9.
542 1355 578 1428 τή
602 1346 659 1427 γὰρ
679 1345 787 1427 γαστρί
805 1348 901 1411 αὐτῶν
923 1347 985 1432 (sc.
1006 1351 1061 1411 τῶν
1083 1345 1209 1433 δούλαν)
1232 1345 1282 1412 ἐπί
1301 1352 1369 1412 ταῖς
1388 1349 1451 1412 ἐπι-

330 1461 445 1538 θυμίαις
475 1459 736 1542 προςχαριζίμονος
767 1459 803 1524 ίιν
827 1459 926 1524 πολλοὶ
948 1458 984 1524 ίιν
1008 1459 1123 1532 ἀνίσοις
1146 1460 1214 1541 παρ’
1238 1462 1342 1526 αὐτῶν.
1369 1460 1452 1537 Quid

331 1577 372 1639 sit
394 1574 441 1638 ἐπὶ
465 1582 534 1645 ταῖς
554 1572 719 1652 ἐπιθυμίαις
740 1575 826 1639 haud
844 1574 937 1641 facile
956 1575 1051 1639 dieas.
1072 1573 1256 1660 [regendum
1278 1593 1348 1642 esse
1360 1576 1452 1640 eredo

329 1685 382 1751 καὶ
407 1694 474 1760 ταῖς
498 1687 672 1764 ἐπιθυμίαις.

376 1800 477 1886 Caput
498 1801 589 1884 XIV,
614 1804 642 1864 o.
666 1800 836 1880 γέγραπται
858 1800 916 1882 γὰρ
939 1797 1114 1880 ζημιοῦσθαι
1134 1798 1184 1863 ἐπί
1205 1806 1266 1870 τοῖς
1285 1800 1452 1879 κλέμμασι,

331 1911 382 1977 καί
403 1912 543 1986 δεδέσθαι,
564 1911 598 1986 ήν
616 1937 660 1985 τις
678 1913 741 1993 οίλῷ
761 1916 856 1986 ποιῶν,
877 1911 928 1977 καί
950 1914 1142 1977 θανατοῦσθαι
1158 1912 1224 1986 τοὺς
1236 1913 1454 1994 ἐγχειροῦντας.

331 2028 508 2091 Pristinum
531 2027 629 2092 huius
653 2029 828 2092 sententiae
851 2027 994 2091 ordinem
1018 2027 1240 2111 perturbatum
1262 2047 1332 2093 esse
1352 2029 1455 2112 oredo,

332 2145 363 2204 et
384 2141 491 2204 locum
515 2141 599 2204 inter
622 2159 656 2204 se
678 2145 875 2224 permutasse
898 2137 932 2212 ήν
955 2163 1000 2211 τις
1023 2138 1086 2218 οὶλῷ
1110 2142 1195 2203 ποιῶν
1216 2147 1247 2204 et
1266 2139 1333 2214 τοὺς
1352 2142 1454 2220 ἐγχει-

329 2258 460 2334 ροῦντας.
484 2253 612 2318 Etenim
635 2252 689 2317 fur
712 2253 899 2318 manifestus
923 2258 1025 2317 morta
1048 2253 1212 2319 multatur.

377 2367 479 2451 Caput
508 2366 582 2450 XV,
614 2368 643 2430 1.
677 2365 781 2430 Ἀλλίι
810 2364 909 2444 μέντοι
941 2363 1058 2429 ἐπειδοίν
1088 2389 1126 2442 γε
1156 2366 1318 2447 ἐμποιήσης
1342 2365 1399 2431 τινί
1423 2367 1456 2431 τδ

333 2477 493 2556 βούλεσθαί
522 2502 565 2544 σοι
595 2473 665 2543 εἶναι
690 2477 823 2556 τοίγαθοί,
849 2480 1011 2560 ἐμποιήσης
1034 2479 1065 2543 δὲ
1088 2480 1128 2559 τῷ
1151 2480 1233 2560 αὐτῷ
1256 2480 1457 2557 ἐπιμελεῖσθαι

333 2590 410 2665 ὅπως
440 2590 540 2656 ταῦτιί
569 2615 612 2656 σοι
643 2593 825 2665 ἐπιτελήται.
857 2592 956 2657 Solito
987 2595 1022 2656 in
1046 2591 1258 2658 Oeconomico
1282 2594 1360 2657 vitio
1384 2599 1458 2659 ante

333 2705 537 2783 ἐπιμελεῖσθαι
561 2707 716 2771 articulus
739 2705 772 2770 τί
793 2707 920 2770 excidit.

379 2820 567 2905 Sequuntur
584 2821 678 2884 haee:
698 2817 740 2882 ἐτι
760 2818 791 2882 δὲ
813 2820 880 2899 πρὸς
899 2817 1008 2886 τούτοις
1023 2818 1190 2897 ἐπιστήμην
1202 2819 1296 2901 κτήση
1310 2821 1455 2900 αὐτῷ....

334 2934 422 2999 Inter
452 2936 597 3019 peritiam
628 2941 659 2998 et
689 2939 793 2998 cetera
825 2934 940 3016 omnia,
964 2953 1046 3017 quae
1069 2933 1121 2997 hio
1144 2940 1374 3000 enumerantur
1397 2935 1455 2999 hoo

334 3052 475 3130 interest,
511 3049 597 3132 quod
628 3055 732 3113 cetera
766 3068 879 3112 servus
915 3050 1120 3132 (procurator)
1152 3069 1171 3112 a
1203 3049 1332 3113 domino
1356 3049 1457 3131 discit,

336 3162 391 3226 sed
416 3163 561 3245 peritiam
584 3160 647 3224 sibi
668 3162 737 3245 ipse
760 3161 898 3242 aequirit
916 3180 998 3244 opus
1016 3160 1169 3226 faciendo.
1190 3160 1342 3245 Suspicor
1360 3163 1458 3245 igitur

337 3295 393 3359 pro
422 3273 515 3348 κτήση
548 3273 628 3352 αὐτῷ
652 3273 823 3357 legendum
855 3293 925 3339 esse
946 3273 1091 3347 κτήσηται
1114 3271 1214 3344 αὖτίς.
1240 3274 1329 3339 Ferri
1352 3279 1457 3358 posset

337 3395 368 3453 et
399 3389 450 3452 hio
479 3386 641 3466 ἐμτοιήσης
671 3388 760 3466 αὐτῷ,
794 3388 850 3452 scd
880 3385 1045 3464 ἐπιστήμην
1073 3389 1199 3452 κτοῖσθαι
1221 3387 1304 3469 ι’ίλλῳ
1327 3387 1384 3452 τινί
1405 3388 1458 3453 ab·

337 3501 472 3566 surdum
496 3501 629 3565 videtur.

383 3613 485 3698 caput
515 3613 606 3695 XVI,
642 3615 669 3676 3.
701 3611 874 3688 Quaeritur
905 3614 1064 3697 quomodo
1088 3615 1148 3678 soli
1171 3620 1286 3679 natura
1309 3617 1457 3699 cognosci

338 3729 455 3812 possit:
490 3725 632 3808 „acaron”
663 3729 707 3790 ait
737 3704 966 3791 Ischomachus
999 3723 1076 3808 „ael
1110 3724 1269 3806 ἀλλοτρίας
1295 3733 1352 3804 γῆς
1375 3731 1458 3792 τοῦτο

339 3841 400 3905 ἐστι
423 3843 529 3918 γνῶναι
552 3836 575 3913 ί,
600 3863 629 3903 τι
651 3863 684 3904 τε
707 3839 829 3905 διίναται
852 3839 947 3923 Φέρειν
970 3837 1023 3904 καί
1046 3837 1069 3913 ί,
1089 3862 1117 3904 τι
1137 3839 1181 3918 μή
1201 3839 1333 3914 δύναται,
1352 3839 1458 3922 δρῶντα

338 3953 405 4026 τοὺς
438 3952 563 4033 καρποὺς
597 3952 647 4016 καί
678 3951 717 4017 ταί
748 3952 883 4034 δίνδρα.”
914 3954 1108 4038 Corruptum
1133 3973 1202 4020 csse
1224 3951 1275 4018 καί
1300 3949 1458 4031 ἀλλοτρίας

339 4074 396 4144 γῆς
419 4069 483 4131 iam
506 4067 718 4132 Schneiderus
741 4069 852 4132 statuit
875 4073 905 4132 et
929 4073 1000 4152 post
1023 4086 1098 4133 eum
1123 4068 1216 4132 multi.
1240 4067 1458 4134 observarunt

339 4181 527 4265 Requiritur
549 4180 630 4246 fere:
656 4178 712 4242 ἀπ’
736 4181 830 4251 αὐτῆς
855 4184 909 4252 τῆς
931 4185 998 4255 γῆς.

385 4293 476 4378 XVI,
498 4295 527 4358 4.
550 4293 625 4377 Ipsa
647 4312 721 4377 ergo
745 4291 761 4366 ή
784 4298 824 4370 νή
848 4292 1043 4360 demonstrat
1062 4293 1140 4376 quid
1158 4293 1240 4359 ferre
1259 4295 1369 4378 possit,
1382 4295 1460 4378 quid
