3354 5268
220 1593 304 1633 CAPUT
321 1594 434 1633 Parnon.

262 1711 275 1740 „
327 1685 478 1724 sammon,

262 1802 275 1831 „
325 1777 450 1815 raarrnn.

261 1892 275 1921 ῃ
327 1868 462 1913 nonarum.

259 2076 272 2106 „
324 2051 451 2096 cnrnrnn.

261 2258 274 2287 „
326 2233 439 2271 serron.

261 2348 275 2377 „
327 2323 468 2361 sammon.

262 2439 275 2468 „
327 2415 458 2453 ocravon.

261 2529 274 2559 „
326 2505 427 2544 norrun.

261 2622 275 2652 „
327 2598 453 2636 necrnnn.

494 1029 807 1106 OONSPEOTUS
834 1032 1072 1108 CAPITUM.

1293 1506 1340 1557 Peg.

518 1583 554 1634 De
572 1583 749 1648 Xenophontis
767 1599 835 1634 anno
858 1585 938 1634 natali
946 1621 1253 1634 ...................
1325 1583 1339 1632 i

518 1674 561 1732 De,
573 1674 698 1724 Anabasis
715 1676 833 1739 consilio,
851 1680 979 1739 tempore,
998 1675 1121 1739 scriptore
1134 1711 1257 1723 ........
1311 1673 1342 1723 ii

519 1766 556 1816 De
573 1766 712 1829 particulae
731 1764 776 1824 μήν
795 1767 863 1830 apud
880 1767 1079 1830 Xenophontem
1097 1779 1146 1815 usu
1167 1803 1255 1814 ......
1312 1763 1345 1813 35

517 1857 553 1906 De
570 1861 625 1907 arte
641 1857 729 1906 critica
743 1857 770 1906 in
786 1857 897 1907 Anahasi
911 1857 1059 1907 exercenda.
1076 1856 1114 1905 hd
1123 1855 1261 1904 nonnullos

548 1949 616 1999 locos
633 1949 811 1999 annotationes
814 1983 1254 1998 ...........................
1310 1944 1343 1994 55
1402 1990 1404 1994 ,

519 2040 555 2089 De
579 2040 757 2104 Xenophontis
774 2039 1021 2090 commentariorum
1040 2038 1085 2102 qui
1110 2037 1262 2103 „Memora-

551 2131 627 2180 bilia”
647 2131 784 2194 dicuntur,
802 2131 906 2182 consilio
925 2131 1036 2194 fatisque
1054 2129 1222 2192 disputatio..
1234 2165 1256 2176 ..
1294 2124 1344 2175 105

516 2221 554 2270 Ad
567 2221 650 2272 varios
660 2221 867 2271 Memorabilium
876 2221 943 2270 locos
952 2219 1133 2269 annotationes
1142 2218 1256 2267 criticae.
1295 2215 1345 2264 156

519 2311 555 2361 De
572 2312 750 2376 Xenophontis
768 2311 936 2361 Oeconomico
948 2345 1255 2360 ...................
1293 2305 1343 2356 170

518 2403 557 2452 Ad
567 2403 704 2453 nonnullos
713 2401 874 2452 Oeconomici
882 2401 1133 2451 locosannotationes
1142 2399 1255 2449 criticae,
1294 2396 1344 2446 188

521 2494 557 2543 De
573 2494 751 2557 Xenophontis
768 2492 890 2543 Convivio
906 2492 1045 2555 disputatio
1065 2525 1255 2540 ............
1293 2487 1343 2537 am

517 2586 555 2635 Ad
579 2585 694 2636 Convivii
712 2585 892 2649 Xenophontei
909 2584 977 2634 locos
995 2583 1133 2633 nonnullos
1150 2585 1262 2630 annota-

547 2677 630 2726 tiones
647 2677 749 2727 criticae
756 2709 1254 2726 ..............................
1293 2669 1342 2720 235

260 2805 274 2834 „
325 2779 491 2818 nnneomun.
518 2768 553 2817 De
571 2767 686 2832 Agesilao
702 2767 788 2816 libello
795 2800 1253 2816 ............................
1291 2761 1340 2810 247

262 2897 275 2927 „
327 2871 507 2910 nnonacnmn.
524 2858 563 2908 nd
588 2859 765 2923 Xenophontis
782 2858 922 2908 Historiam
939 2856 1061 2906 Graecam
1080 2854 1261 2904 annotationes

554 2950 637 2999 variae
645 2980 1257 2998 ....................................
1295 2941 1345 2990 276

553 3040 628 3090 Lner
645 3041 656 3089 1
663 3071 1257 3089 ....................................
1295 3031 1345 3081 ors

588 3167 602 3197 „
645 3130 669 3180 11
677 3161 1257 3179 ...................................
1295 3122 1345 3172 aar

588 3258 602 3288 „
645 3221 682 3271 111
696 3253 1257 3270 ..................................
1295 3213 1345 3264 315
