3330 5262
873 581 938 649 338

386 772 423 835 Ε.
452 771 555 834 Nemo
579 770 709 850 dueum,
733 770 790 853 qui
814 770 850 831 in
873 767 1016 832 Anabaei
1041 772 1342 846 commemorantur,
1366 769 1472 830 carior

341 883 550 966 Xenophonti
580 881 642 945 fuit
673 899 772 964 quam
796 879 1022 964 Chirisophus:
1046 881 1145 944 semel
1169 880 1391 943 tantummodo
1415 897 1472 963 per

341 1001 440 1060 totam
471 995 709 1079 expeditionem
739 995 824 1057 inter
855 993 928 1058 illos
951 993 1068 1077 aliquis
1091 992 1154 1056 fuit
1177 993 1353 1075 dissensus
1376 993 1470 1076 isque

345 1109 384 1173 de
418 1127 516 1172 eausa
549 1125 615 1170 non
651 1107 826 1170 admodum
858 1107 957 1190 gravi.
988 1105 1141 1189 Legimus
1165 1107 1250 1170 enim
1274 1105 1342 1188 (IV,
1367 1106 1397 1188 6,
1421 1107 1469 1187 3);

340 1222 426 1286 τοῦτό
448 1245 486 1297 γε
508 1219 544 1292 δὴ
567 1217 725 1300 Χειρισόφῳ
749 1217 800 1282 nal
826 1221 986 1300 Ξενοφῶντι
1010 1216 1098 1296 μόνον
1119 1215 1254 1299 διάφορον
1274 1219 1304 1282 ἕν
1324 1226 1361 1298 τῇ
1374 1217 1472 1300 τορείᾳ

341 1333 464 1412 ἐγένετο,
501 1333 517 1405 ἡ
553 1338 604 1398 τοῦ
635 1330 778 1410 ἡγεμόνος
808 1331 936 1404 κάκωσις
967 1329 1019 1395 aa>
1049 1330 1186 1408 ἀμέλειαι.
1212 1332 1382 1397 Praeterea
1404 1353 1469 1397 uno

341 1446 557 1531 Xenophonte
592 1451 726 1530 excepto
755 1447 925 1530 primariae
954 1445 989 1508 in
1018 1443 1163 1508 Anabasi
1187 1450 1264 1508 eunt
1287 1444 1468 1528 Chirisophi

341 1566 454 1645 partes.
485 1560 519 1624 Is
551 1563 659 1623 alitem
687 1560 810 1622 nonin
837 1559 958 1642 proelio
983 1558 1106 1639 cecidit,
1130 1558 1185 1622 sed
1211 1558 1312 1621 multo
1337 1558 1471 1622 tristiori

343 1672 493 1736 occubuit
527 1672 629 1734 morti.
663 1670 748 1734 Vide
782 1689 879 1753 quam
913 1668 1073 1732 λοκωνιστί
1105 1669 1144 1734 de
1177 1688 1214 1733 ee
1252 1688 1286 1733 re
1320 1670 1474 1753 loquatur

343 1785 527 1870 Xenophon
563 1783 632 1864 (VI,
662 1784 692 1864 4,
726 1783 795 1864 lll:
827 1779 877 1846 κκὶ
908 1780 1076 1862 Χειρίσοφος
1100 1781 1156 1858 μὲν
1178 1779 1232 1854 ἤδη
1256 1781 1472 1856 ἐτετελευτήκει

344 1894 504 1977 φάρμακον
527 1896 599 1959 τιὼν
622 1894 778 1975 ντνρέττιον.

388 2010 438 2075 Ne
467 2010 545 2094 quid
567 2015 673 2074 autem
698 2009 773 2073 huie
797 2010 879 2074 desit
902 2009 1111 2093 disputationi
1135 2010 1195 2074 hoe
1218 2009 1310 2091 addo,
1333 2011 1368 2073 in
1393 2010 1472 2074 duo·

340 2141 414 2187 rum
444 2127 571 2188 tantum
595 2123 715 2186 dueum
740 2122 947 2186 describenda
971 2128 1072 2187 morte
1095 2123 1192 2206 paulo
1217 2141 1287 2188 esse
1310 2124 1473 2188 verbosio-

342 2255 410 2300 rem
433 2234 690 2319 Xenophontem.
712 2232 856 2309 Quorum
877 2235 957 2300 alter
976 2240 1024 2300 est
1034 2234 1227 2318 Phoebidas,
1239 2237 1296 2318 qui
1309 2237 1471 2320 quomodo

343 2351 378 2414 in
412 2347 626 2434 oppugnanda
662 2346 805 2428 Olyntho
836 2348 985 2412 oeoiderit
1017 2349 1094 2412 satis
1123 2354 1269 2412 accurate
1286 2355 1471 2426 enarratur,

345 2463 397 2528 vel
419 2464 528 2546 potius
555 2461 642 2544 quod
668 2459 766 2524 fuerit
788 2479 892 2543 genna
915 2461 1027 2543 proelii
1051 2461 1157 2525 fusius
1181 2463 1371 2546 exponitur:
1395 2483 1472 2526 nam

341 2577 445 2659 ipsius
469 2575 561 2638 dnois
584 2575 734 2637 interitus
758 2572 966 2654 solemnibus
985 2571 1050 2638 fere
1071 2573 1183 2656 dioam,
1195 2573 1303 2638 verbis
1315 2575 1470 2639 traditur:

341 2685 393 2752 arti
424 2686 437 2750 ὅ
470 2686 525 2763 μὲν
555 2685 591 2758 ab
624 2684 772 2758 Φοιβίδκς
800 2682 851 2748 aa>
875 2683 925 2748 baio
949 2682 965 2757 ἢ
990 2691 1066 2766 τρεῖς
1091 2686 1159 2762 μετ’
1183 2687 1275 2749 αὐτοῦ
1299 2684 1471 2765 μαχόμενοι

342 2799 496 2866 uiritantem
532 2801 625 2864 Alter
659 2805 709 2864 est
741 2798 909 2881 Teleutias,
939 2818 1035 2882 quem
1066 2797 1105 2877 V,
1137 2801 1166 2882 3,
1190 2801 1209 2862 3
1229 2819 1298 2883 sqq.
1321 2799 1473 2884 legimus,

342 2915 470 2998 saepius
494 2919 583 2997 parte
606 2911 745 2978 militum
770 2914 803 2976 in
830 2910 1001 2992 Olynthios
1021 2911 1174 2995 immissa,
1193 2912 1323 2996 illisque
1342 2912 1472 2997 fugatis,

342 3027 471 3092 taudem
507 3027 658 3090 omnibus
694 3027 793 3109 copiis
827 3026 862 3088 in
897 3025 1007 3088 hostes
1037 3026 1171 3090 irruisse
1200 3026 1372 3110 ipsumque
1395 3046 1470 3092 oum

343 3142 489 3205 exercitu
519 3141 688 3203 interiisse.
721 3135 795 3221 Ubi,
819 3157 1016 3222 quamquem
1041 3143 1213 3203 recurrunt
1234 3137 1394 3203 Laconica
1414 3139 1471 3202 illa

342 3251 394 3317 κοιὶ
429 3233 444 3316 ἕ
482 3253 537 3328 μὲν
572 3249 737 3322 Tratorium
771 3249 900 3315 ε’ντοιῦθοι
935 3249 1110 3330 μοιχόιοενος
1144 3250 1327 3325 ἀποθνήσκει,
1363 3257 1471 3317 tamen

343 3368 453 3450 negari
480 3385 544 3429 non
568 3370 681 3448 potest,
704 3365 806 3428 multo
830 3363 933 3448 magis
953 3367 1121 3448 perspicue
1141 3384 1237 3448 quam
1250 3364 1326 3428 alibi
1339 3366 1470 3430 demon-

343 3480 446 3561 strari,
467 3479 523 3562 qui
546 3477 666 3543 fautum
690 3479 740 3559 sit,
763 3482 800 3541 ut
823 3477 893 3540 dux
914 3477 969 3541 ille
992 3478 1125 3544 eederet.
1144 3476 1220 3541 Noli
1239 3483 1472 3562 tamenputare

342 3590 475 3656 Lector!
507 3610 544 3655 eo
569 3609 700 3674 quoque
726 3591 931 3655 manifestum
954 3590 1024 3655 fieri
1048 3591 1161 3655 oeteris
1185 3589 1336 3654 omnibus
1358 3589 1470 3656 Telau-

342 3706 420 3768 tiam
450 3702 662 3788 Xenophonti
690 3703 792 3768 fuisse
817 3704 986 3766 cariorem:
1012 3722 1076 3766 non
1102 3721 1184 3786 noge
1209 3703 1335 3786 egregie
1357 3701 1471 3786 proba·

343 3821 411 3881 tum
435 3817 645 3901 Xenophonti
666 3815 843 3882 Teleutiem
861 3815 978 3895 fuisse;
992 3816 1025 3878 id
1037 3819 1144 3880 autem
1157 3813 1316 3898 signifieat
1327 3815 1470 3880 oratione

344 3949 442 4014 quam
478 3933 508 3996 ei
542 3930 655 3995 tribuit
685 3930 726 4012 V,
758 3930 787 4010 1,
819 3929 860 3991 14
878 3948 957 4012 sqq,
980 3948 1062 4012 queo
1087 3928 1301 4012 comparanda
1324 3932 1372 3993 est
1394 3947 1472 3993 oum

344 4042 562 4109 Oallioratidae
581 4041 696 4126 verbio,
716 4061 799 4126 quae
816 4062 915 4125 supra
925 4042 1027 4124 attuli,
1039 4062 1103 4105 non
1116 4041 1274 4126 signifieat
1287 4043 1469 4106 narratione

342 4153 381 4220 de
404 4158 473 4222 eius
497 4159 531 4221 in
555 4157 675 4241 proelio
699 4160 809 4220 morte.
832 4152 925 4231 Quod
943 4156 1030 4220 enim
1049 4154 1246 4239 illampaulo
1259 4153 1467 4238 fecitlongio-

340 4289 418 4354 rem,
440 4290 482 4335 ex
508 4290 545 4335 ea
568 4290 602 4336 re
626 4269 853 4354 explicandum
875 4274 932 4352 est,
956 4269 1042 4352 qnod
1066 4268 1177 4333 utilem
1197 4267 1288 4331 iilam
1310 4267 1464 4352 opinaba-
