3352 5260
892 636 956 700 194

368 843 442 888 mus
476 841 589 907 agrum
622 826 835 904 utrorumque
865 821 1002 884 similem
1034 825 1065 885 et
1095 823 1204 888 eadem
1227 822 1389 888 fertilitate
1412 842 1488 888 esse.

371 936 507 1000 Causam
541 933 740 1018 corruptelae
773 933 860 998 haud
893 932 1021 998 difficile
1055 934 1218 1015 invenias3
1253 941 1309 1000 aut
1339 938 1424 1001 enim
1448 956 1488 1002 er

369 1047 476 1129 ἀγροὺς
498 1049 698 1127 γεωργοῦντας
720 1047 846 1111 aurium
871 1046 966 1130 culpa
988 1053 1099 1112 natum
1124 1055 1172 1113 est
1196 1051 1282 1133 quod
1305 1071 1395 1114 nunc
1414 1051 1489 1136 legi-

371 1169 433 1246 tur‚
463 1167 519 1227 aut
549 1161 670 1226 librarii
700 1161 785 1225 oculi
808 1160 996 1225 aberrarunt
1019 1161 1058 1225 ad
1084 1181 1194 1227 vocem
1217 1163 1371 1244 γεωργίας,
1396 1186 1491 1249 quam

370 1280 403 1342 in
435 1277 619 1362 exemplari,
650 1276 737 1360 quod
768 1274 974 1357 describebat,
1001 1276 1062 1340 sub
1084 1273 1190 1356 οὶνοούο
1214 1280 1369 1362 scriptum
1391 1280 1490 1345 fuisse

373 1392 505 1456 minime
539 1388 747 1473 improbabile
782 1392 837 1452 est.
872 1386 1012 1472 Recepta
1042 1397 1149 1453 autem
1182 1410 1251 1455 mea
1274 1393 1493 1457 emendatione

373 1506 470 1571 simul
503 1504 626 1569 tollitur
660 1503 875 1568 inconstantia
904 1503 1070 1587 quaedam,
1100 1524 1197 1587 quam
1229 1505 1378 1589 equidem
1403 1525 1494 1590 aegro

373 1620 448 1685 fero.
480 1617 544 1682 Hic
579 1619 664 1681 enim
699 1617 892 1681 adiectivum
927 1615 1131 1695 ποοοοονολήονοο
1161 1620 1342 1683 communis
1370 1621 1495 1703 generis

374 1751 445 1797 esse
474 1732 609 1812 videtur,
639 1730 695 1794 sed
726 1730 788 1792 An.
818 1729 844 1812 I,
876 1731 905 1810 3,
938 1730 979 1793 18
1003 1729 1157 1794 feminina
1177 1730 1280 1795 forma
1302 1732 1495 1812 raparanola

375 1846 501 1930 legitur.

420 1959 462 2023 ib.
493 1956 597 2041 Rogat
626 1975 701 2040 ergo
733 1954 935 2020 Critobulum
965 1954 1110 2021 Socrates
1142 1976 1224 2041 quae
1247 1977 1345 2023 causa
1368 1961 1418 2043 sit,
1441 1980 1498 2025 cur

376 2072 525 2137 nonnulli
560 2071 717 2154 agricolae
751 2089 908 2155 pauperes
941 2069 1029 2152 fiant,
1064 2071 1141 2135 dum
1177 2073 1241 2154 alii,
1271 2093 1408 2157 quorum
1430 2078 1497 2160 agri

377 2186 476 2251 nihilo
513 2184 662 2249 meliores
693 2189 777 2261 sunt,
806 2184 935 2247 divitias
966 2202 1107 2268 opesque
1137 2185 1294 2269 colligant.
1317 2187 1499 2272 Respondet

378 2299 582 2364 Critobulus.
596 2347 603 2362 .
617 2347 645 2362 ..
667 2297 723 2361 sed
745 2297 835 2380 prius
859 2296 1026 2360 videamus
1049 2316 1205 2380 quosnam
1225 2298 1369 2364 homines
1389 2299 1499 2365 Socra-

378 2420 425 2480 tes
448 2415 572 2498 cogitet.
598 2411 668 2488 Quo
696 2411 790 2475 modo
813 2410 1010 2493 colloquium
1034 2429 1108 2474 cum
1129 2409 1292 2476 Critobulo
1312 2417 1344 2476 et
1362 2416 1499 2479 narratio

379 2529 418 2593 de
440 2527 648 2592 Ischomache
670 2526 755 2589 inter
778 2543 812 2588 se
835 2523 1024 2589 cohaereant
1047 2544 1145 2608 supra
1167 2525 1383 2590 demonstrare
1407 2547 1500 2592 cona·

380 2648 432 2706 tus
464 2660 544 2705 sum.
576 2638 699 2703 Docere
730 2639 815 2704 enim
847 2638 918 2702 vult
949 2637 1157 2722 agricolarum
1183 2640 1326 2703 miserias
1350 2659 1391 2703 ex
1415 2640 1503 2706 nulla

380 2754 442 2818 ulia
471 2772 506 2818 re
538 2773 634 2837 quam
667 2771 709 2815 ex
735 2752 860 2815 incuria
885 2752 983 2832 nasci,
1006 2769 1134 2835 eosque,
1158 2753 1214 2835 qui
1236 2751 1292 2815 illo
1315 2754 1393 2816 vitio
1416 2753 1503 2817 labo-

379 2872 460 2951 rent,
491 2869 556 2930 iam
587 2867 692 2930 statim
726 2863 884 2948 significat
915 2869 981 2928 tam
1010 2866 1122 2948 inopes
1152 2864 1230 2946 fieri,
1261 2871 1297 2929 ut
1319 2867 1503 2930 revictum

382 2982 512 3066 quidem
534 2979 758 3064 quotidianum
778 2977 931 3056 habeant3
954 2976 1031 3041 dicit
1050 2977 1153 3041 enim:
1173 2977 1245 3040 ἀλλ’
1265 2977 1322 3055 ἐγὼ
1343 2978 1374 3041 οὐ
1386 2977 1504 3049 τούτους

381 3093 469 3172 λέγω,
492 3091 577 3157 ἀλλὰ
599 3089 623 3156 οἳ
645 3092 709 3155 οὐδὲ
731 3090 770 3163 εἰς
793 3089 834 3154 roi
856 3090 1014 3167 altamira
1036 3087 1138 3167 ἔχουσι
1161 3090 1309 3154 darancio.
1331 3091 1393 3158 Sed
1413 3099 1505 3159 autea

383 3207 547 3272 Critobulo
567 3208 781 3270 coniecturam
799 3204 903 3268 facere
923 3205 1078 3287 permittit
1097 3203 1136 3268 da
1154 3204 1241 3268 illius
1261 3205 1387 3290 inopiae
1400 3227 1505 3289 causa,

383 3339 523 3404 eumque
547 3321 591 3384 ita
614 3320 797 3401 interrogat,
821 3321 857 3380 ut
880 3335 978 3400 supra
1000 3315 1149 3379 vidimus.
1175 3315 1259 3392 Quid
1278 3324 1386 3382 autem
1406 3317 1506 3384 Crito-

383 3434 460 3498 bulo
491 3430 749 3515 respondendum
782 3428 854 3493 est?
885 3427 1009 3512 Nempe
1034 3428 1076 3510 id,
1100 3429 1187 3512 quod
1210 3434 1242 3494 et
1264 3436 1410 3495 nostrum
1435 3434 1506 3496 uni-

384 3549 502 3632 cuique
537 3547 644 3610 statim
678 3545 713 3608 in
747 3548 887 3608 mentem
919 3544 1035 3625 veniat
1066 3543 1085 3605 i.
1099 3561 1142 3606 e.:
1167 3543 1239 3608 illos
1262 3544 1417 3627 homines,
1442 3547 1508 3629 qui,

386 3680 488 3744 quum
527 3678 640 3742 agrum
677 3659 753 3722 satis
789 3656 909 3720 bouum
943 3655 1058 3738 colant,
1092 3661 1199 3720 tammr
1232 3676 1386 3740 pauperes
1419 3658 1508 3741 fiant,

386 3779 530 3838 exhema
552 3791 622 3836 esse
644 3772 760 3835 montis
779 3771 986 3855 perversitate
1006 3775 1037 3834 et
1056 3769 1206 3834 omuibus
1227 3771 1328 3835 modis
1347 3771 1432 3836 bona
1450 3792 1508 3836 sua

387 3886 569 3971 dilapidare,
593 3904 658 3949 non
680 3884 785 3948 solum
811 3883 850 3947 ad
873 3902 924 3948 res
947 3883 1078 3947 inutiles
1102 3882 1157 3947 sed
1182 3884 1276 3946 etiam
1296 3884 1337 3947 ad
1355 3903 1414 3965 res,
1427 3903 1508 3968 quae

296 3973 299 3980 Ι
387 4000 540 4064 damnum
573 3999 711 4064 afferant.
740 3996 943 4081 Responsum
968 4015 1043 4080 ergo
1068 3994 1231 4077 Critobuli,
1254 3997 1339 4079 quod
1363 3999 1507 4061 nuncin

388 4112 551 4178 codicibus
573 4113 720 4195 legimus,
742 4113 786 4175 ita
808 4109 1034 4194 corrigendum
1055 4128 1179 4192 conseo,
1203 4114 1240 4173 ut
1263 4110 1364 4173 dicat:
1390 4107 1439 4173 vai
1462 4109 1508 4187 μοὶ

391 4225 461 4298 Aia,
493 4223 560 4297 ἴσως
589 4224 646 4305 γὰρ
676 4223 881 4288 ἀναλίσκουσιν
915 4223 964 4286 οὐκ
992 4221 1031 4293 εἰς
1054 4219 1075 4286 ἃ
1098 4220 1154 4299 μὴ
1176 4219 1328 4299 baladach
1350 4221 1434 4287 ἄλλον
1457 4220 1509 4286 aci

388 4339 428 4412 εἰς
450 4334 471 4403 ἃ
495 4335 620 4416 {dactili
642 4336 721 4418 φέρεν
745 4337 847 4408 adroic
867 4332 920 4400 aa>
939 4336 979 4416 τῷ
998 4330 1071 4415 οἴκῳ.
1091 4334 1236 4420 Rgregie,
1254 4337 1314 4400 hoo
1334 4343 1399 4401 est:
1413 4357 1508 4421 quam
