3330 5262
755 598 818 660 375

220 779 322 844 άνίοια
353 787 453 851 ποιεῖν,
484 785 516 845 et
546 783 574 845 si
596 782 658 844 iarn
682 783 762 846 levis
787 785 958 866 tenuisque
985 782 1140 865 quaedam
1166 779 1342 845 differentia

220 898 277 975 est,
311 897 395 956 certe
426 912 463 956 ea
494 893 533 956 ad
567 896 807 977 occupationem
837 893 1004 964 Thebanae
1035 896 1117 961 arcis
1141 894 1253 960 referri
1277 911 1343 958 non

220 1010 341 1090 potest:
378 1007 435 1088 qui
465 1007 550 1069 enim
581 1006 668 1070 illam
698 1007 842 1072 fraudem
875 1013 1098 1092 perpetrarunt
1122 1008 1185 1072 dici
1208 1010 1344 1091 possunt

219 1118 270 1182 vel
295 1115 444 1194 άσεβῆσαι
469 1118 520 1182 vel
544 1117 645 1182 άνάτια
668 1125 784 1191 ποιῆται
807 1140 939 1204 prorsus
962 1121 1073 1184 eedem
1091 1139 1197 1184 sensu.
1219 1117 1344 1183 Deinde

219 1231 275 1294 ubi
300 1232 435 1314 scriptor
459 1231 536 1294 haec
560 1232 659 1296 dixit:
688 1232 815 1313 „multa
838 1238 870 1297 et
889 1251 907 1298 e
929 1232 1121 1298 Graecorum
1143 1238 1174 1297 ct
1194 1252 1211 1296 e
1230 1230 1343 1296 barba·

218 1363 330 1406 rorum
368 1343 499 1408 historia
530 1344 635 1408 afferri
665 1352 802 1428 possunt
831 1346 987 1429 exempla,
1011 1366 1029 1410 e
1053 1345 1172 1429 quibus
1195 1350 1344 1430 appareat

218 1457 301 1520 facta
336 1459 435 1540 impia
464 1459 660 1524 immortales
689 1479 756 1522 non
785 1459 913 1542 latere’',
936 1461 982 1524 sio
1005 1461 1124 1543 pergit:
1148 1463 1198 1522 νῦν
1221 1481 1259 1536 γε
1282 1455 1342 1535 μὴν

219 1565 293 1643 λέξω
323 1567 365 1632 τά
394 1569 578 1648 προκείμενα,
605 1571 724 1654 quibus
749 1572 855 1636 verbis
879 1572 1030 1636 hocloco
1054 1573 1270 1636 necessarium
1295 1575 1344 1635 cst

218 1684 306 1747 hunc
340 1682 480 1748 tribuere
516 1703 648 1750 sensum
686 1705 801 1766 „nunc
834 1692 941 1750 tamen
974 1685 1157 1769 exemplum
1188 1690 1294 1769 petam
1322 1704 1344 1748 a

221 1797 317 1862 rebus
347 1799 435 1881 ipsis,
466 1817 547 1890 quas
579 1818 668 1862 nunc
691 1799 822 1881 tracto'',
846 1801 891 1862 ita
916 1804 952 1862 ut
974 1819 993 1862 a
1016 1800 1179 1864 communi
1204 1797 1342 1882 quadam

217 1911 373 1976 sententia
395 1910 437 1975 ad
460 1911 621 1996 singulare
651 1913 811 1995 quoddam
832 1912 950 1976 facturn
971 1917 1118 1977 transeat.
1138 1911 1191 1974 Ex
1211 1911 1342 1995 linguae

216 2030 323 2090 autem
355 2024 493 2090 Graecae
530 2031 644 2089 natura
671 2046 708 2091 ea
730 2025 828 2090 verba
851 2026 932 2089 niun
955 2026 1043 2089 aliud
1067 2024 1247 2110 significare
1269 2044 1342 2108 pos-

222 2143 299 2202 sunt
330 2158 443 2221 quam:
480 2158 594 2219 „nunc
625 2140 665 2202 ad
688 2141 885 2222 propositum
910 2137 1068 2220 transeo’',
1091 2144 1241 2221 recteque
1264 2155 1339 2220 ergo

224 2271 289 2316 non
312 2253 376 2316 nisi
397 2257 470 2336 post
492 2252 621 2336 longam
645 2252 875 2336 digressionem
898 2253 975 2336 poni
996 2256 1142 2334 possunt.

261 2365 366 2448 Ιρίίιιι
389 2385 421 2430 eo
444 2387 495 2429 res
516 2366 605 2443 redit,
627 2371 664 2430 αί
686 2386 828 2432 censeam
847 2366 959 2446 capitis
979 2365 1063 2429 tertii
1078 2365 1174 2445 finem
1193 2365 1343 2445 aquata

216 2479 342 2544 ιἰιίίιαιοι
372 2480 483 2544 addita
512 2500 577 2544 esec
608 2501 629 2544 a
658 2480 749 2546 sciolo
779 2481 823 2544 ad
849 2479 1039 2559 impendam
1066 2478 1223 2555 ίαιαιιαιιι,
1244 2498 1341 2559 qaam
1379 2486 1384 2494 '

216 2593 280 2674 ipsc
296 2593 337 2656 ιἰι
358 2613 415 2657 sac
437 2593 514 2657 libro
535 2593 697 2674 reliquerit
719 2593 901 2673 Xenophon.

258 2707 315 2790 Ν,
350 2708 379 2770 2.
413 2705 626 2785 ἐγραμμάτευε
659 2713 721 2778 τοῖς
756 2705 820 2787 περὶ
855 2705 983 2786 Ἀρχίαν
1017 2704 1227 2784 πολεμάρχοις.
1264 2704 1338 2769 Duo

164 2890 166 2894 ,
215 2819 410 2904 polenrarchi
436 2821 526 2883 erant
545 2818 597 2901 (n,
619 2820 660 2882 25
681 2824 714 2884 et
733 2820 794 2900 35),
814 2824 846 2883 et
865 2817 889 2882 οἱ
907 2816 970 2897 περί
983 2818 1112 2898 Ἀρχίαν
1123 2821 1192 2900 ipse
1203 2819 1338 2883 Archias

214 2939 277 3012 est;
309 2951 383 3017 ergo
415 2932 606 2996 vocabulum
638 2928 840 3010 πολεμάρχοις
871 2932 934 2996 huc
965 2933 1149 3013 emargine
1171 2933 1337 3015 irrepsisse

213 3045 338 3109 credam
369 3046 475 3128 potius
508 3065 605 3128 quam
638 3045 677 3107 ad
708 3043 936 3128 explicationes
961 3043 1097 3108 subtiles
1120 3043 1338 3126 ridiculasque

214 3159 404 3243 confugiam.
436 3159 549 3243 Neque
579 3159 655 3222 ferri
685 3163 789 3243 potest
821 3159 908 3241 quod
939 3178 1015 3222 mox
1044 3159 1161 3243 legitur
1187 3156 1240 3230 aba
1257 3156 1336 3238 περὶ

213 3270 340 3350 Ἀρχίαν
363 3294 397 3334 τε
419 3271 467 3334 τὸν
491 3247 742 3349 πολεμαρχοῦντα
765 3269 816 3333 καί
841 3271 893 3338 τάν
916 3268 979 3349 περὶ
1004 3269 1148 3336 Φίλιππον
1169 3269 1334 3350 τυραννίδα.

212 3384 296 3470 Lege
318 3384 371 3456 τὴν
394 3383 458 3464 περὶ
482 3383 609 3464 Ἀρχίαν
633 3407 666 3447 τε
688 3381 740 3447 καί
766 3383 910 3448 Φίλιππον
933 3382 1091 3462 τυραννίδα
1114 3387 1229 3448 ceteris
1253 3385 1336 3449 dele-

211 3500 260 3563 tis.
284 3499 336 3563 Ad
359 3499 599 3582 intelligendum
624 3498 843 3582 polemarchcs
866 3497 967 3561 fuisse
989 3497 1142 3560 Archiam
1163 3502 1195 3561 et
1215 3497 1335 3580 Philip-

212 3632 290 3696 pum
313 3613 392 3694 ipsis
416 3611 521 3676 verbis
545 3608 737 3689 πολέμαρχος
761 3616 792 3674 et
815 3616 1015 3688 πολεμαρχεῖν
1043 3629 1123 3694 opus
1147 3629 1213 3672 non
1237 3614 1292 3673 est.

255 3725 312 3807 Ν,
335 3727 364 3788 4.
388 3725 553 3806 Phyllidas
576 3721 617 3786 τά
638 3746 672 3787 τε
694 3720 777 3786 άλλα
800 3723 973 3798 ἐπεμελεῖτο
996 3728 1058 3794 τοῖς
1078 3719 1279 3799 πολεμάρχοις
1300 3722 1337 3792 ὡς

208 3815 389 3920 Ἀφροδίσια
413 3835 533 3913 άχονοιν
561 3836 608 3898 ἐπ’
633 3831 719 3914 ἐξόδῳ
742 3842 796 3908 τῆς
819 3835 926 3914 άοχῆι.
951 3833 1034 3898 Vide
1058 3835 1168 3898 doctos
1191 3834 1338 3915 editoreS‚

212 3950 361 4014 docentes
394 3947 569 4029 ἈΦιιδίτια
592 3945 674 4026 άγειν
697 3948 893 4032 proverbiale
918 3948 1038 4011 dictum
1063 3965 1132 4011 esse
1154 3966 1229 4030 pro:
1257 3967 1338 4028 „su-

212 4066 330 4149 peratis
355 4063 521 4126 laboribus
544 4063 639 4146 genio
661 4060 860 4146 indulgere‘'.
878 4060 993 4124 Nonne
1013 4079 1088 4143 ergo
1109 4057 1201 4137 ὥσπερ
1221 4079 1280 4143 pro
1300 4059 1337 4130 ὡς

212 4178 382 4262 legendum
408 4177 480 4240 est?

256 4291 313 4374 Ν,
344 4292 372 4354 8.
404 4289 588 4354 Phoebidas
620 4291 659 4353 ad
691 4309 848 4354 carcerem
872 4289 960 4353 venit
983 4287 1173 4371 custodique
1195 4288 1272 4351 dicit
1293 4283 1335 4349 ίτι
