3330 5262
731 652 794 714 373

203 838 308 918 μηδείς
343 844 399 904 τῶν
430 840 462 904 ἐκ
494 845 547 913 της
581 836 690 910 πόλεως
721 833 797 911 ἐξίοι.
830 838 999 904 Articulus
1020 840 1077 902 τῶν
1099 838 1249 904 ferendus
1272 842 1324 905 hio

203 975 268 1019 non
292 959 347 1019 est.

246 1069 305 1152 ΠΙ,
341 1068 392 1132 26.
426 1068 618 1150 Polybiades
655 1065 824 1148 Olynthios
853 1069 888 1131 in
919 1066 999 1131 urbe
1022 1067 1166 1133 inclusos
1188 1067 1271 1132 fame
1294 1074 1325 1134 et

203 1185 310 1266 inopia
345 1186 446 1267 urget,
477 1182 670 1264 tandemque
703 1200 756 1244 eos
781 1181 865 1264 cogit
889 1179 1032 1264 Spartam
1056 1181 1176 1265 legatos
1202 1183 1325 1246 mittere

204 1298 242 1362 de
272 1316 366 1380 pace:
399 1295 423 1360 οἱ
452 1294 483 1358 δὲ
515 1292 643 1366 ἐλθόντες
667 1292 803 1374 πρέσβεις
827 1291 1036 1374 αὐτοκροίτορες
1059 1293 1203 1367 συνθήκας
1227 1293 1323 1368 ε’τονη·

203 1432 291 1473 σαντο
325 1409 385 1473 κτὲ.
423 1409 463 1474 Oi
496 1405 625 1479 ἐλθόντες
656 1405 792 1487 πρέσβεις
823 1409 917 1471 nihili
949 1413 1014 1472 est:
1046 1409 1116 1493 lege
1149 1428 1224 1492 ergo
1249 1414 1322 1473 aut:

203 1522 331 1595 ἐλθόντες
354 1522 385 1587 δὲ
408 1520 544 1603 πρέσβεις
567 1519 782 1601 αὐτοκροίτορες,
808 1527 873 1605 aut,
897 1523 983 1607 quod
1006 1522 1203 1606 probabilius
1230 1525 1324 1588 etiam

204 1642 268 1702 est:
304 1634 328 1700 οἱ
360 1634 391 1699 δὲ
422 1633 558 1715 πρέσβεις
589 1633 719 1706 ἐλθόντες
749 1632 963 1715 αὐτοκροίτορες.
998 1635 1145 1700 Solemne
1168 1637 1253 1700 enim
1277 1642 1326 1702 est

205 1747 387 1829 αὐτοκράτωρ
418 1745 476 1821 η’κω
507 1750 558 1814 vel
589 1745 724 1828 ἔρχομαι.
750 1747 793 1812 of.
818 1748 861 1831 Π,
885 1751 914 1832 2,
939 1750 997 1813 19:
1022 1746 1196 1828 Θηραμένης
1220 1747 1251 1813 δέ
1274 1746 1327 1813 καί

206 1863 229 1927 οἱ
260 1860 345 1927 σ’ίλλον
378 1860 514 1942 σρόσβεος
544 1859 608 1925 ἕτεί
639 1854 713 1934 ἦσαν
742 1861 771 1924 ε’ν
803 1859 966 1942 Σελλασία,
995 1859 1168 1940 ε’ρωτόμενω
1198 1859 1247 1923 ἐπί
1271 1859 1325 1925 τίνο

205 1976 283 2056 λόγῳ
306 1972 406 2048 ἥκοιεν,
431 1969 508 2038 εἶτον
532 1973 574 2038 ότι
598 1972 803 2054 αὐτοκροίτορες
826 1973 888 2054 τερί
912 1974 1019 2053 είρνίνης
1042 1974 1102 2038 κτὲ.

248 2089 308 2172 ΠΙ,
342 2090 393 2152 27.
428 2088 588 2154 Absoluta
618 2089 801 2152 narratione
831 2089 870 2152 de
893 2088 1077 2153 civitatibus
1102 2088 1231 2153 Graecis
1254 2098 1326 2173 post

208 2222 318 2287 paoem
342 2202 563 2266 Antaloideam
587 2223 605 2265 a
625 2200 789 2285 Spartanis
809 2200 950 2266 subactis
963 2201 1014 2266 vel
1027 2205 1172 2267 coercitis
1185 2222 1326 2286 sequun-

206 2321 259 2381 tur
281 2318 377 2380 haee:
402 2314 659 2396 προκεχωρηκότων
682 2311 713 2377 δὲ
737 2319 798 2386 τοῖς
822 2313 1063 2391 Λακεδαιμονίοις
1082 2310 1156 2377 ῶσσε
1176 2313 1326 2392 Θηβαίους

207 2429 262 2510 μὲν
286 2429 338 2496 καί
366 2430 431 2502 τοὺς
455 2427 564 2501 όολλους
585 2427 722 2500 Βοιωτοὺς
743 2426 936 2491 ταντοίττασον
961 2428 1008 2490 ἐτ’
1032 2426 1143 2501 ε’κείνοος
1167 2421 1246 2500 εἶναι,
1272 2437 1327 2492 Κο-

205 2545 318 2626 ρινθίους
352 2543 384 2608 δὲ
417 2541 610 2614 σοστοτοίτους
640 2543 824 2620 γεγενῆσθαι,
857 2541 1005 2621 Ἀργείους
1037 2541 1068 2606 δὲ
1098 2544 1326 2620 τεταπεινῶσθαι

207 2657 255 2722 aa
278 2659 310 2722 τό
334 2657 425 2736 μηδὲν
448 2656 490 2720 ἔτι
513 2658 635 2737 ὠφελεῖν
657 2655 763 2728 αὐτοὺς
786 2659 842 2719 τῶν
865 2659 963 2734 μηνῶν
983 2656 1036 2728 την
1057 2654 1214 2737 ὑσοΦοροίν,
1235 2656 1326 2730 Ἀθη-

207 2771 302 2844 ναίους
336 2769 367 2835 δὲ
401 2769 577 2851 ἠρημῶσθαι,
612 2772 669 2833 τῶν
702 2768 730 2832 δ’
765 2761 805 2833 αὖ
839 2767 1014 2848 σνμμοίχων
1048 2768 1270 2848 κεκολασμένων
1304 2768 1327 2834 οἳ

208 2885 357 2962 δυσμενῶς
386 2877 465 2962 είχον
496 2884 608 2955 αὐτοῖς,
641 2880 832 2946 σαντοίτασον
858 2881 912 2956 ἤδη
937 2883 1035 2954 καλῶς
1059 2879 1111 2946 καί
1134 2882 1285 2962 οίσφαλῶς
1309 2881 1326 2955 η

208 2996 288 3079 οίρχη
311 2995 399 3060 ἐδόκει
422 2996 522 3067 αὐτοῖς
544 2993 786 3067 κατεσκευοίσθαν,
811 2997 845 3058 in
867 2995 986 3079 quibus
1005 2996 1103 3060 verba
1122 2993 1171 3058 irai
1189 2995 1222 3059 τό
1235 2994 1327 3072 μηδὲν

208 3108 250 3173 ἔτι
272 3111 394 3190 ὠφελεῖν
417 3107 523 3179 αὐτοὺς
547 3111 602 3170 τῶν
625 3111 723 3184 μηνῶν
746 3108 800 3181 την
825 3107 972 3188 ὑποφοροίν
996 3115 1125 3193 propter
1148 3114 1328 3174 ceterorum

208 3224 396 3288 brevitatem
429 3222 504 3287 ferri
534 3239 600 3285 non
630 3241 724 3305 posse
755 3226 839 3286 reete
869 3223 932 3285 iarn
958 3228 1006 3287 est
1029 3222 1242 3288 observatum.
1266 3222 1328 3287 Sed

207 3343 307 3402 totam
340 3337 423 3400 hano
456 3333 715 3414 ἀνακεφαλαίωσιν
749 3355 767 3398 a
800 3334 1016 3419 Xenophonte
1051 3337 1223 3420 profectam
1259 3355 1329 3400 esso

210 3451 337 3515 eredere
359 3469 424 3512 non
447 3467 587 3532 possum.
608 3446 741 3512 Minime
760 3449 844 3512 enim
863 3451 1081 3513 necessarium
1095 3455 1142 3514 est
1154 3451 1205 3513 hio
1217 3449 1329 3514 leotori

211 3565 318 3627 omnia
350 3565 384 3625 in
415 3567 554 3626 mentem
584 3563 736 3643 revocari,
767 3563 802 3625 in
834 3561 953 3646 quibus
976 3563 1052 3627 inde
1075 3562 1113 3626 ab
1138 3565 1229 3626 initio
1253 3562 1330 3626 belli

212 3675 404 3739 Corinthiaci
434 3693 584 3758 prospera
614 3673 743 3738 fortuna
773 3676 825 3738 usi
849 3680 925 3739 sunt
948 3675 1111 3760 Spartani3
1135 3695 1209 3739 nam
1232 3676 1329 3759 paulo

212 3795 284 3854 ante
319 3785 364 3870 (in
400 3790 511 3873 eapitis
544 3789 639 3872 primi
672 3788 746 3869 fine)
782 3790 948 3854 commoda
981 3799 1217 3872 enumerantur,
1248 3808 1331 3872 quae

212 3903 376 3987 Spartanis
398 3922 416 3966 e
438 3921 514 3986 paee
536 3901 724 3965 Antaloidea
747 3907 822 3965 nata
846 3908 938 3966 sunt:
961 3903 1025 3967 illis
1045 3922 1133 3967 nuno
1150 3922 1186 3967 ea
1207 3903 1330 3966 addun-

213 4025 273 4100 tur,
298 4018 480 4100 quaeipsis
503 4015 661 4100 capitibus
684 4015 718 4078 11
741 4023 772 4079 et
793 4015 844 4078 ΠΙ
867 4021 994 4079 narrata
1018 4022 1102 4098 sunt,
1127 4034 1330 4099 quorumque

213 4132 451 4197 neminemdum
487 4130 621 4195 oblitum
654 4150 723 4194 esse
754 4132 866 4214 opinor
901 4128 1071 4214 (Θηβαίους
1102 4129 1157 4205 μὲν
1188 4126 1330 4201 καὶτοὺς

212 4246 320 4318 ἄλλους
343 4244 478 4316 Βοιωτοὺς
501 4245 548 4308 ἐτ’
569 4242 681 4315 ἐκείνοις
699 4237 769 4307 εἶναι
789 4251 819 4308 et
838 4247 894 4306 τῶν
914 4243 1089 4321 συμμοίχων
1107 4240 1329 4318 κεκολασμένων

213 4357 235 4424 σί
258 4358 405 4436 δυσμενῶς
429 4352 508 4436 εἶχον
531 4357 650 4441 αὐτοῖς)
678 4363 708 4422 ot
731 4363 893 4441 praeterea
911 4359 1002 4421 haeo:
1024 4354 1193 4428 Ἀθηναίους
1213 4354 1244 4417 δὲ
1262 4356 1329 4428 ηρη·
