3348 5262
866 595 932 658 2⁷4

330 797 404 846 nem
423 797 490 842 non
509 779 590 842 tanti
610 778 715 844 facere
736 780 848 863 quanti
862 797 950 844 nunc
962 779 1125 863 plerisque
1137 779 1282 845 iacienda
1294 781 1459 846 videatur:

332 892 389 975 qui
412 893 498 955 enim
522 911 589 956 non
610 891 706 956 scatit
728 892 918 977 Agesilaum
941 913 960 955 a
981 890 1197 976 Xenophonte
1219 895 1373 978 scriptum
1392 915 1460 959 non

331 1025 410 1088 esse,
430 1025 505 1071 eum
525 1006 623 1070 nullis
644 1007 816 1072 convinces
836 1008 1043 1090 argumentis.
1056 1005 1143 1091 Ergo
1158 1013 1193 1072 ut
1205 1027 1340 1091 mecum,
1352 1009 1462 1092 lector,

332 1120 418 1184 idem
447 1119 568 1184 seatms
589 1119 714 1184 efficere
737 1119 884 1184 conabor.
909 1118 1081 1203 Concedes,
1105 1127 1140 1185 ut
1163 1123 1285 1205 opinor,
1308 1142 1464 1188 verecun-

332 1233 501 1298 dissimum
535 1235 699 1299 hominem
733 1253 803 1300 esse
832 1233 1083 1319 Xenophontem
1116 1240 1147 1300 et
1179 1256 1270 1300 suam
1292 1237 1463 1321 gloriolam

331 1367 445 1430 parum
469 1367 599 1412 curare:
625 1349 798 1413 dummodo
824 1350 925 1413 lector
943 1348 1037 1432 plane
1056 1351 1234 1433 perspiciat,
1255 1371 1352 1434 quam
1372 1369 1464 1434 egre-

331 1461 405 1545 gius
440 1462 491 1524 vir
521 1459 667 1526 Socrates
698 1462 804 1545 fuerit,
834 1462 886 1526 vel
909 1462 1049 1545 aliquam
1072 1465 1176 1547 capiat
1198 1464 1394 1547 voluptatem
1419 1483 1464 1528 ex

334 1574 517 1638 narratione
548 1573 587 1638 de
618 1575 756 1639 militum
789 1595 924 1639 suorum
956 1593 1013 1659 per
1044 1575 1179 1639 mediam
1201 1577 1314 1640 Asiam
1337 1578 1465 1661 itinere,

333 1688 505 1771 ipsumque
536 1687 691 1752 adversus
723 1688 795 1752 illos
826 1689 904 1752 iusti
935 1694 966 1753 et
987 1689 1103 1772 integri
1127 1688 1218 1753 ducis
1242 1689 1345 1754 officio
1369 1691 1464 1754 func·

333 1804 402 1865 tum
439 1820 510 1866 esse
541 1803 628 1884 sciat,
660 1801 722 1866 sibi
754 1803 831 1866 satis
861 1801 942 1867 bene
973 1801 1159 1866 consultum
1181 1801 1249 1866 fore
1273 1804 1389 1868 credit:
1415 1807 1465 1868 ita

335 1932 461 1997 semper
483 1914 617 1994 scriptor
640 1913 805 1997 delitescit,
830 1919 867 1979 ut
886 1914 925 1979 de
946 1933 983 1978 eo
1004 1916 1061 1977 vix
1080 1916 1220 1999 cogitare
1238 1916 1338 1980 lector
1348 1919 1463 2000 possit.

334 2025 497 2110 Cognosce
521 2047 609 2090 nunc
633 2047 729 2110 quam
754 2046 846 2112 saepe
866 2027 1008 2112 Agesilai
1027 2028 1176 2092 laudator
1195 2047 1237 2092 ex
1248 2028 1378 2094 latebris
1392 2032 1465 2094 suis

331 2142 485 2225 prosiliat,
515 2147 635 2225 quanto
667 2143 767 2226 magis
798 2142 837 2205 de
869 2161 928 2206 sua
951 2162 1047 2225 quam
1073 2141 1112 2206 de
1136 2141 1279 2226 Agesilai
1301 2142 1395 2207 laude
1420 2145 1466 2207 sit

335 2254 500 2338 sollicitus,
532 2276 628 2339 quam
660 2274 694 2320 se
720 2254 872 2319 defendat
894 2262 1004 2320 contra
1025 2256 1152 2320 lectoris
1176 2257 1462 2339 reprehensiones:

334 2367 455 2449 audica,
482 2371 517 2430 ut
540 2369 661 2451 opinor,
683 2386 746 2430 non
773 2369 881 2451 ipsum
903 2367 1032 2451 quidem
1052 2367 1235 2451 Isocratem,
1254 2370 1311 2433 sed
1330 2369 1464 2449 Ἰσοκρα-

332 2475 414 2542 τιδέκ
434 2480 604 2562 quendam,
623 2480 885 2544 declamationem
906 2500 1007 2563 suam,
1029 2501 1125 2564 quam
1142 2500 1213 2544 curn
1228 2481 1330 2545 multo
1342 2482 1465 2547 sudore

333 2594 522 2676 composuit,
562 2593 742 2676 magistello
777 2595 973 2658 recitantem.
1008 2593 1086 2676 Hos,
1121 2613 1249 2677 quaeso,
1285 2595 1372 2659 locos
1410 2597 1466 2660 vel

334 2704 437 2770 obiter
459 2706 604 2790 adspice:

441 2817 485 2902 II,
521 2820 556 2882 7:
581 2818 604 2881 εἰ
632 2817 690 2898 γὰρ
720 2822 819 2882 ταῦτα
848 2817 975 2897 λέγοιμι,
1006 2817 1188 2897 Ἀγησίλαόν
1221 2817 1287 2884 τ’ἴιν
1311 2843 1360 2898 μοι
1384 2820 1461 2885 δοκῶ

577 2929 691 3013 tepora
714 2931 888 3014 ἀποφαίνειν
912 2931 963 2996 aa)
987 2933 1115 3011 ἐμαυτὸν
1140 2936 1242 3014 μῶρον.

420 3045 479 3130 ΠΙ,
516 3047 551 3110 1;
576 3046 748 3123 ἀναμνῆσαι
772 3045 858 3124 μόνον
881 3049 967 3127 ἀρκεῖ
986 3045 1037 3112 aa}
1063 3047 1146 3119 εὐθὺς
1170 3046 1348 3111 πιστεύεται.

436 3160 548 3243 V,17:
573 3159 597 3222 ei
626 3159 712 3237 δ’ἕγὼ
736 3164 837 3224 ταῦτα
861 3158 1009 3239 ψεύδομαι
1033 3159 1120 3224 ἀντίαι
1144 3166 1198 3233 τῆς
1223 3159 1371 3234 Ἑλλάδος
1395 3162 1463 3226 ἐπι-

575 3270 738 3350 σταμένης,
774 3273 878 3336 ἐκεῖνον
916 3271 972 3350 μὲν
1006 3272 1086 3337 οὐδὲν
1119 3274 1239 3346 ἐπαινῶ,
1269 3274 1397 3351 ἐμαυτὸν
1430 3275 1464 3339 δὲ

576 3384 660 3465 ψέγω
675 3387 706 3468 ¹).

363 3560 391 3626 l)
410 3559 481 3611 Alios
497 3559 613 3611 eiusdem
629 3560 730 3626 generis
747 3560 815 3610 locos
830 3565 969 3610 enumerat
987 3559 1107 3625 Hagenus
1128 3559 1163 3624 (p.
1181 3557 1225 3624 59)
1246 3565 1276 3612 ut
1293 3561 1464 3628 demonstret,

330 3654 383 3704 iam
405 3653 468 3703 alias
495 3651 605 3718 Agesilai
627 3653 787 3702 laudationes
808 3656 868 3704 autc
885 3653 954 3702 hanc
971 3653 1078 3717 scriptas
1095 3653 1181 3716 luisse,
1200 3653 1309 3718 illasque
1326 3653 1429 3718 saepius
1446 3669 1465 3704 a

329 3749 417 3795 nostro
435 3744 526 3808 respici
550 3749 576 3794 et
593 3743 681 3794 refelli.
700 3743 759 3793 Non
777 3744 859 3808 magis
877 3745 926 3794 hoc
943 3744 1025 3808 credo,
1044 3759 1124 3808 quarn
1142 3745 1211 3809 quod
1228 3745 1260 3794 de
1276 3745 1358 3809 capite
1375 3746 1462 3796 unde-

329 3835 396 3886 cimo
413 3833 528 3898 disputat
550 3835 591 3884 vir
606 3834 778 3885 doctissimus.
795 3835 826 3885 In
845 3835 889 3884 illo
906 3835 978 3886 enim
995 3850 1079 3898 quum
1098 3835 1207 3898 scriptor
1224 3835 1292 3886 dicat
1309 3835 1415 3900 quidem
1433 3851 1464 3887 se

330 3924 353 3976 ἓν
380 3926 522 3988 κεφαλαίοις
547 3923 682 3974 ἐπανελθεῖν
705 3925 748 3982 τὴν
774 3925 928 3986 Ἀγησιλάου
954 3923 1038 3986 ἀρετήν
1055 3926 1127 3990 velle,
1146 3925 1190 3976 sed
1207 3926 1305 3977 multas
1323 3933 1464 3978 enumeret

329 4017 439 4084 Agesilai
465 4019 582 4084 virtutes,
608 4017 639 4068 de
663 4017 759 4081 quihus
784 4017 812 4068 iu
830 4017 1040 4081 praecedentibus
1058 4032 1091 4067 ne
1107 4017 1216 4068 verbum
1235 4018 1341 4082 quidem
1359 4019 1465 4084 dixerit,

329 4109 449 4175 Hagenus
472 4110 603 4160 contendit
619 4113 705 4158 totum
723 4112 799 4171 caput
817 4122 832 4157 a
849 4108 951 4157 falsario
969 4121 1024 4157 esse
1040 4107 1165 4157 additum.
1184 4106 1272 4171 quue
1290 4108 1372 4171 capite
1389 4112 1462 4158 tam-

327 4215 407 4264 quam
433 4206 587 4266 argumento
614 4214 678 4251 usus
705 4199 879 4249 Beckhausius
903 4198 1018 4249 fabulam
1041 4198 1072 4248 de
1097 4197 1276 4260 Xenophontis
1300 4202 1391 4262 nepote
1418 4200 1463 4250 avi

327 4291 407 4342 libros
429 4293 521 4343 edente
543 4306 693 4360 patruosque
713 4303 773 4341 suos
790 4295 911 4341 assuente
927 4290 1087 4356 excogitavit.
1106 4289 1170 4340 Mihi
1188 4289 1294 4354 qrridem
1312 4290 1463 4344 istiusmodi
