3352 5260
720 653 782 715 181

198 841 256 922 γάρ
291 865 331 919 με
365 840 401 904 δι’
434 834 471 902 ὧν
501 838 559 915 ἐγὼ
589 835 766 912 ἐπίσταμαι,
799 832 886 911 ὅμοια
914 831 1024 904 τούτοις
1046 830 1203 906 ἐπιδεικνὺς
1226 827 1248 897 οἳ
1269 831 1322 895 οὐκ

198 952 326 1034 ἐνόμιζον
356 952 540 1024 ἐπίστασθαι,
571 948 735 1021 αναστείθεις
766 941 847 1025 οἶμαι
880 948 917 1018 ὥς
944 945 1117 1010 καὶταῦτα
1140 943 1316 1022 ἐπίσταμαι.

198 1068 349 1134 conferas
372 1073 403 1131 et
425 1067 504 1131 alios
526 1064 672 1129 Platonis
694 1063 838 1146 dialogos
861 1067 893 1126 et
911 1079 986 1145 prae
1006 1052 1118 1124 ceteris
1139 1059 1318 1124 Manonem.

241 1183 270 1245 6.
304 1180 441 1265 Egregie
475 1178 636 1243 Socratem
669 1177 760 1241 decet
793 1177 872 1239 haec
906 1174 1095 1238 exclamatio
1128 1172 1217 1255 (XII,
1250 1173 1320 1253 10):

199 1298 261 1366 τῶς
283 1292 352 1375 πρὸς
375 1296 431 1356 τῶν
455 1292 539 1367 osea
563 1295 648 1355 τοῦτο
670 1286 728 1369 γὰρ
752 1286 787 1360 δὴ
810 1286 906 1365 troya
930 1283 1123 1350 mausolaeum
1142 1285 1172 1348 οὐ
1185 1283 1322 1348 διδακτὸν

196 1409 279 1487 ᾤμην
301 1401 380 1471 εἶναι.

242 1524 270 1586 7.
302 1522 439 1586 Veritati
468 1520 696 1584 convenienter
725 1537 799 1581 cum
823 1515 1033 1579 admiratione
1055 1533 1172 1598 rogans
1194 1513 1322 1608 induci·

195 1641 249 1699 tur
282 1634 442 1699 Socrates:
477 1631 529 1696 nal
564 1635 626 1704 τῶς
660 1629 696 1703 aa
731 1629 800 1711 πρὸς
833 1632 890 1691 τῶν
924 1628 991 1690 θεῶν
1022 1627 1055 1690 τὸ
1085 1625 1226 1707 οὶρχικοὺς
1250 1620 1319 1690 εἶναι

196 1746 348 1828 ἀνθρώπων
372 1743 535 1821 ταιδούειςς

241 1862 269 1924 8.
302 1859 411 1944 Capite
439 1858 497 1941 VI,
528 1859 547 1940 ἓ
573 1859 614 1921 15
640 1858 719 1921 haeo
746 1857 916 1940 leguntur:
941 1858 1051 1934 πρῶτον
1074 1853 1128 1932 μὲν
1151 1851 1194 1917 ὅτι
1219 1849 1320 1933 τροσὲ-

196 1995 272 2036 κειτο
294 1971 327 2036 τὸ
351 1971 442 2042 καλὸς
464 1971 505 2050 τῷ
528 1969 642 2049 ἀγαθῷ,
666 1966 762 2033 ὅντινα
784 1965 874 2039 ἴδοιμι
898 1965 998 2040 καλόν,
1023 1965 1113 2047 τούτῳ
1137 1974 1247 2048 τροςῇα
1270 1964 1320 2030 καὶ

194 2083 354 2164 ἐπειρώμην
383 2083 620 2160 καταμανθάνειν
650 2078 730 2145 εἷσον
756 2077 846 2157 ἴδοιμι
869 2078 1095 2160 τροςνρτιιμένον
1117 2079 1158 2160 τῷ
1181 2079 1264 2159 καλῷ
1286 2079 1320 2144 τὸ

195 2195 316 2276 ἀγαθόν.
341 2198 453 2283 ipsum
477 2196 639 2260 Socratem
661 2197 708 2259 ita
732 2197 835 2280 egisse
858 2194 989 2259 aliunde
1011 2194 1098 2258 haud
1121 2193 1251 2259 difficile
1271 2198 1320 2258 est

199 2329 397 2396 cognoscere.

241 2424 269 2486 9.
292 2421 538 2488 Demonstratur
560 2441 585 2485 c.
607 2421 633 2505 I,
657 2424 677 2486 8
701 2442 769 2507 sqq.
789 2440 895 2505 nequa
916 2426 1060 2485 armenta
1078 2439 1185 2506 neque
1203 2440 1316 2506 greges

194 2553 301 2620 neque
335 2555 428 2620 agros
458 2533 607 2614 χρήματα
638 2535 701 2598 dici
731 2554 834 2618 posse,
862 2535 942 2618 quin
965 2536 1060 2598 etiam
1083 2553 1125 2598 ne
1147 2535 1317 2619 pecuniam

194 2647 325 2730 quidem
355 2667 392 2712 eo
423 2649 552 2731 dignam
583 2667 652 2712 esse
675 2649 805 2711 nomine
830 2649 892 2712 nisi
916 2649 953 2728 is,
977 2649 1034 2730 qui
1057 2665 1127 2711 eam
1150 2646 1263 2712 habeat
1286 2651 1317 2712 et

195 2761 243 2824 uti
276 2779 314 2824 ea
345 2763 430 2824 sciat.
462 2759 645 2825 Permultos
675 2761 752 2824 haec
782 2760 1008 2824 demonstratio
1032 2760 1119 2823 locos
1143 2778 1160 2823 e
1182 2758 1316 2824 Platone

195 2874 306 2938 lectori
335 2875 369 2937 in
399 2879 538 2939 mentem
569 2879 706 2956 revocat,
737 2873 793 2938 sed
822 2892 899 2957 prae
930 2875 1042 2937 ceteris
1065 2873 1316 2956 pulcherrimum

193 2986 287 3050 illum
322 3006 364 3050 ex
396 2985 600 3068 Euthydemo
635 2988 710 3068 (290
743 2985 791 3069 B),
821 2985 878 3050 ubi
912 2984 1041 3068 Clinias,
1077 2987 1215 3069 optimae
1249 2987 1317 3070 spei

194 3099 388 3181 adolescens,
404 3105 574 3183 postquam
592 3098 737 3163 Socrates
749 3098 840 3181 dixit,
852 3100 1157 3183 praestantissimam
1170 3100 1315 3163 omnium

194 3213 310 3275 artium
341 3211 402 3275 sibi
432 3210 485 3283 τῖον
508 3209 706 3290 στρατηγικήν
729 3213 840 3296 videri,
862 3212 949 3276 illam
973 3212 1103 3295 quidem
1127 3217 1226 3278 artem
1249 3232 1315 3277 non

194 3326 274 3389 tanti
303 3325 481 3389 faciendam
512 3344 582 3389 esse
611 3324 767 3406 observat,
798 3327 950 3409 quoniam
980 3345 1055 3410 pars
1077 3328 1120 3390 sit
1142 3331 1195 3398 τῆς
1219 3326 1314 3406 θνρεο-

193 3442 286 3509 τικῆς,
318 3443 349 3501 et
379 3437 493 3502 deinde
522 3439 567 3501 ita
592 3439 710 3522 pergit:
734 3438 789 3502 illa
812 3458 864 3502 ars
893 3437 1079 3523 (θηρευτική)
1105 3439 1186 3506 nihil
1209 3443 1314 3522 potest

193 3551 258 3614 nisi
280 3548 412 3629 θηρεῦσαι
431 3546 483 3612 καὶ
502 3549 707 3630 χειρώσασθαι·
726 3548 843 3613 ε’τειδοὶν
863 3549 894 3613 δὲ
913 3549 1108 3630 χειρώσωνται
1128 3554 1223 3622 τοῦτο,
1244 3549 1257 3613 ὃ
1277 3549 1314 3614 ἂν

193 3659 370 3740 θηρεύωνται,
393 3661 424 3724 οὐ
446 3661 584 3725 δύνανται
606 3660 697 3742 τούτῳ
718 3663 854 3742 χρῆσθαι,
878 3663 949 3726 ἀλλ’
968 3662 993 3727 οἱ
1010 3664 1065 3740 μὲν
1083 3661 1241 3742 κυνηγέται
1260 3660 1313 3742 καὶ

191 3773 216 3836 οἱ
238 3773 332 3846 οἱλιεῖς
354 3780 412 3845 τοῖς
435 3775 581 3853 ὀψοποιοῖς
603 3773 795 3854 παραδιδόασι
818 3775 879 3838 κτέ.

238 3887 288 3950 10.
317 3886 522 3952 Ischomache
554 3907 683 3971 quoque
712 3891 745 3951 in
770 3909 830 3953 sua
853 3889 891 3953 de
914 3908 951 3953 eo
975 3891 1157 3958 narratione
1179 3891 1313 3958 locutio·

192 4019 264 4064 nem
302 4001 462 4084 quandam
496 4000 627 4086 praebet
660 4001 814 4084 Socrates,
845 4022 942 4086 quam
973 4004 1080 4086 ipsum
1110 4005 1145 4066 in
1173 4023 1227 4068 ore
1256 4005 1312 4068 ha-

191 4110 301 4177 buisse
330 4114 502 4178 verisimile
532 4119 587 4178 est.
618 4113 704 4179 Dicit
726 4116 812 4179 enim
833 4115 1061 4180 Ischomachus
1085 4115 1186 4200 (XIV,
1210 4118 1228 4179 7
1253 4122 1310 4202 sq.)

192 4244 227 4288 se
255 4224 372 4308 probos
402 4244 511 4290 servos
541 4228 629 4290 omni
660 4226 886 4291 beneficiorum
912 4247 1029 4311 genere
1052 4228 1177 4297 afficere
1199 4231 1311 4314 solere,

194 4343 232 4400 ut
265 4337 312 4400 illi
345 4339 402 4421 qui
435 4338 518 4402 lucri
548 4340 612 4403 sint
641 4340 750 4423 cupidi
779 4345 972 4424 cognoscant
1000 4339 1188 4436 probitatem
1213 4363 1310 4426 quam
