3354 5268
768 630 809 691 13

227 812 402 897 prudenter
420 817 451 876 et
470 812 576 896 lepide
595 812 635 876 de
650 813 795 896 ipsorum
813 786 883 879 arte¹
890 816 1095 899 interrogare,
1107 819 1200 881 cuius
1213 837 1346 884 consue-
1422 801 1423 808 ἵ

227 925 371 989 tudinem
385 925 597 1008 potentissimi
609 925 644 987 in
655 925 819 1008 republica
833 928 891 989 viri
904 931 1055 1010 peterent,
1068 929 1107 993 de
1119 949 1184 1013 quo
1195 930 1244 994 vel
1257 930 1349 994 lucu·

227 1036 442 1102 lentissimum
461 1037 667 1120 praeconium
688 1037 814 1120 dixerit,
835 1039 891 1121 qui
907 1057 981 1102 eum
993 1039 1136 1123 fugiebat
1148 1041 1347 1107 Alcibiades:

227 1149 370 1232 fugiebat
404 1151 490 1214 enim
526 1148 619 1212 vultu
650 1169 761 1213 averso
792 1155 822 1214 ct
849 1150 983 1214 auribus
1006 1151 1170 1234 obturatis,
1191 1173 1232 1218 ne
1256 1157 1350 1238 quasi

228 1261 376 1326 Sirenum
400 1267 496 1327 cantu
521 1261 679 1326 delenitus
703 1282 759 1346 per
784 1267 882 1326 totam
906 1265 1005 1327 vitam
1030 1266 1151 1330 otiosus
1176 1267 1262 1350 apud
1274 1286 1349 1332 eum

229 1376 393 1441 desideret.
415 1375 479 1440 Sed
501 1375 599 1439 simul
622 1376 715 1440 credo
734 1374 801 1440 fere
819 1376 940 1440 nullam
963 1379 1181 1460 quaestionem
1194 1379 1349 1443 diffieilio-

227 1508 295 1552 rem
318 1508 388 1553 esse
412 1495 443 1552 et
467 1489 641 1552 maioribus
665 1488 820 1553 molestiis
839 1490 1032 1573 impeditam.
1055 1489 1144 1555 Iusto
1167 1494 1251 1555 enim
1272 1492 1349 1556 faci·

228 1603 340 1666 liorem
364 1601 426 1667 sibi
447 1622 518 1667 eam
536 1602 683 1684 reddunt,
703 1603 768 1684 qui,
788 1602 866 1686 quid
881 1601 1103 1685 „historicus’',
1117 1622 1213 1686 quem
1226 1604 1349 1688 dicum,

227 1714 373 1779 Socrates
412 1716 555 1779 docuerit
585 1715 671 1798 apud
704 1713 950 1798 Xenophontem
985 1720 1112 1780 exstare
1142 1718 1349 1800 contendunt,

228 1828 384 1912 quidquid
416 1848 435 1891 a
464 1827 679 1910 Xenophonte
702 1826 863 1891 divorsum
889 1825 980 1890 Plato
1006 1827 1117 1910 tradat,
1140 1847 1182 1892 ex
1205 1827 1349 1892 Platonis

228 1941 330 2023 ipsius
365 1944 470 2004 mente
500 1940 643 2004 fluxisse.
674 1939 756 2003 Nam
790 1920 879 2023 quis
896 1940 957 2004 hoe
980 1959 1044 2003 non
1067 1942 1217 2024 intelligit
1239 1941 1349 2006 Xeno-

226 2054 355 2137 phontis
387 2054 561 2117 doctrinam
586 2059 619 2118 et
640 2053 882 2135 philosophiam,
906 2053 1053 2136 quamvis
1077 2055 1119 2118 sit
1141 2054 1230 2118 utilis
1255 2061 1286 2119 et
1308 2055 1349 2118 ad

227 2168 312 2230 vitae
337 2186 433 2230 usum
453 2165 697 2248 accommodata,
717 2171 822 2228 tamen
842 2165 934 2228 humi
953 2165 1108 2248 incedere,
1121 2165 1350 2252 Socratemquc

227 2279 309 2342 nihil
333 2284 459 2363 praeter
483 2298 645 2363 supraque
669 2297 737 2342 eam
762 2278 927 2342 docentem
948 2297 1114 2361 nunquam
1136 2280 1348 2344 tantoardore

227 2393 372 2456 divinum
396 2412 493 2456 suum
514 2391 708 2475 discipulum
731 2389 1015 2472 inflammaturum,
1039 2391 1096 2456 sed
1121 2392 1221 2456 multo
1247 2395 1348 2476 magis

226 2504 330 2569 taedio
357 2505 496 2588 quodam
520 2525 538 2568 a
563 2522 597 2568 se
621 2503 876 2567 abalienatorum
901 2503 1027 2567 fuisse?

271 2617 430 2701 Equidem
456 2617 560 2680 hercle
582 2636 647 2680 non
671 2635 745 2680 eum
768 2634 820 2679 me
844 2616 946 2679 sentio
970 2635 1050 2698 esse,
1073 2618 1129 2699 qui
1152 2617 1195 2699 id,
1218 2618 1256 2681 de
1281 2637 1345 2701 quo

227 2731 493 2814 praestantissimi
515 2731 575 2792 viri
595 2728 656 2792 sibi
668 2729 812 2792 nondum
824 2728 948 2811 liquore
958 2731 1205 2812 pronuntiarint,
1218 2751 1349 2814 magno-

226 2862 301 2927 pere
333 2835 413 2906 meis
444 2841 720 2906 observationibus
751 2841 926 2921 illustrem3
951 2842 1008 2906 sed
1032 2861 1096 2925 quo
1120 2843 1214 2906 modo
1238 2842 1349 2907 Xeno-

225 2955 377 3039 phontem
400 2955 505 3037 legere
527 2973 584 3038 per
607 2953 727 3016 multos
746 2973 848 3018 annos
866 2953 980 3017 solitus
1001 2955 1061 3017 sim
1082 2973 1157 3017 cnm
1177 2954 1348 3020 lectoribus

226 3066 476 3142 communicabo,
499 3067 527 3129 si
548 3066 629 3129 forte
651 3067 817 3129 iuniorum
841 3066 980 3148 aliquem
1003 3066 1044 3130 ad
1066 3084 1171 3130 meam
1191 3069 1346 3132 rationem

226 3181 413 3243 imitandam
437 3180 594 3246 adducere
615 3181 753 3263 possim:
779 3179 873 3243 habet
896 3179 982 3243 enim
1004 3199 1040 3244 ea
1061 3182 1254 3264 permultum
1276 3203 1349 3247 sna-

226 3295 343 3376 vitatis,
378 3299 418 3375 et,
449 3298 485 3355 ut
509 3292 586 3355 mihi
610 3292 741 3375 quidem
764 3293 950 3375 persuadeo,
974 3294 1069 3357 ctiam
1093 3295 1240 3358 nonnihil
1262 3295 1348 3358 utili·

229 3406 310 3469 tatis.
350 3404 527 3488 Nunquam
562 3404 810 3487 Xenophontem
844 3405 924 3488 lego,
960 3408 1039 3488 quin
1073 3408 1170 3470 simul
1204 3407 1347 3471 Platonis

227 3537 348 3583 memor
372 3519 443 3600 sim,
467 3523 499 3582 et
522 3518 549 3581 si
573 3537 636 3601 qua
658 3537 719 3595 res,
743 3536 825 3600 quae
846 3517 923 3580 mihi
944 3517 1111 3582 Platonem
1131 3519 1256 3602 legenti,
1269 3540 1347 3603 qua-

228 3650 357 3715 cunque
381 3631 420 3694 de
444 3649 541 3695 causa
564 3648 639 3713 prae
663 3632 775 3694 ceteris
798 3630 947 3694 notabilis
970 3632 1038 3695 visa
1060 3636 1117 3713 est,
1140 3634 1234 3695 etiam
1258 3632 1344 3715 apud

227 3743 472 3828 Xenophontem
497 3743 576 3807 mihi
599 3741 660 3806 sub
684 3742 793 3808 oeulos
817 3744 913 3826 venit,
937 3745 1077 3827 suspicio
1098 3745 1175 3807 mihi
1195 3746 1347 3828 nascitur,

228 3875 293 3919 non
315 3854 482 3919 fortuitum
503 3856 591 3918 hunc
609 3874 803 3920 consensum
822 3874 901 3936 esse,
921 3856 976 3920 sed
995 3857 1058 3940 ipsi
1070 3857 1219 3939 magistro
1231 3856 1348 3935 deberi,

228 3969 321 4033 cuius
344 3969 521 4033 doctrinam
545 3969 595 4034 vel
618 3971 807 4033 sententiam
832 3969 989 4052 discipuli,
1013 3989 1073 4033 suo
1095 3973 1230 4053 uterque
1243 3971 1348 4053 modo,

229 4083 405 4167 posteritati
428 4084 591 4146 servarint.
614 4081 710 4146 Iuvat
729 4083 825 4147 huius
845 4083 977 4146 rationis
989 4083 1054 4146 duo
1067 4082 1213 4166 exempla
1225 4083 1346 4167 afferre,

229 4203 260 4260 et
278 4198 323 4260 ita
342 4197 461 4260 sensim
480 4196 520 4259 ad
538 4196 712 4278 Anabasin,
734 4215 831 4279 quam
852 4194 911 4258 hoc
930 4202 1025 4279 caput
1042 4197 1229 4279 inscriptam
1241 4196 1346 4279 habet,

230 4310 380 4374 transibo.
419 4308 482 4373 Res
516 4315 564 4373 est
597 4309 772 4391 notissima,
806 4307 974 4371 Platonem
1008 4308 1043 4370 in
1077 4328 1138 4372 sua
1170 4308 1347 4394 Repubhm
