3352 5260
892 611 956 674 148

351 813 389 859 ea
410 813 429 858 a
450 792 664 878 Xenophonte
684 793 763 876 ipso,
786 810 828 856 an
851 791 891 856 ab
915 791 1024 876 aliquo
1047 794 1271 878 interpolatore
1291 794 1426 860 collecta
1446 798 1477 860 et

350 908 385 971 in
408 925 511 972 unum
533 911 683 990 congesta
706 906 780 989 sint,
804 925 869 970 non
893 925 1024 991 possum
1050 910 1197 972 statuero.

396 1020 486 1085 Idem
510 1020 549 1084 de
573 1019 742 1103 colloquiis
763 1018 934 1084 dicendum
954 1025 1011 1102 est,
1024 1039 1107 1105 quae
1119 1025 1215 1106 caput
1226 1019 1309 1084 XIV
1320 1022 1472 1105 implent:

350 1134 405 1198 illa
427 1139 534 1198 tamen
558 1134 665 1198 omnia
687 1133 728 1198 ad
751 1151 883 1197 coenam
907 1135 1158 1218 conviviumque
1182 1136 1350 1219 pertinent

394 1715 482 1781 Libri
507 1717 613 1801 quarti
637 1717 749 1800 capitis
769 1717 864 1801 primi
885 1717 953 1798 §um
971 1717 1107 1800 primam
1121 1715 1312 1782 Schenklius
1326 1719 1473 1783 damnat:

355 1831 434 1914 quin
468 1835 562 1913 recto,
591 1849 694 1913 nomo,
725 1835 761 1894 ut
784 1831 905 1914 opinor,
929 1829 1095 1894 dubitabit
1121 1829 1182 1895 Sed
1207 1852 1303 1915 quam
1326 1831 1474 1897 insulsus

350 1945 411 2010 iste
442 1944 533 2009 locus
564 1945 614 2026 sit,
637 1948 707 2008 tum
730 1944 859 2008 demum
882 1945 1000 2028 optimo
1022 1943 1194 2028 apparebit,
1217 1947 1245 2009 si
1267 1950 1373 2010 tecum
1396 1945 1474 2010 deli-

349 2057 487 2139 berabis
516 2076 581 2141 quo
612 2057 741 2122 tandem
764 2056 964 2123 referendum
990 2059 1032 2121 sit
1055 2056 1241 2122 adverbium
1264 2053 1362 2140 οὕτως,
1386 2058 1474 2142 quod

349 2172 513 2256 impensus
555 2171 636 2253 illas,
673 2171 875 2254 nimiumque
916 2171 1057 2234 oratione
1091 2175 1297 2255 exaggeratus
1332 2170 1473 2236 Socratis

346 2285 468 2367 laudes,
492 2303 575 2370 quae
597 2285 657 2348 hac
681 2283 715 2366 §⁰
737 2283 899 2368 leguntur,
916 2303 992 2347 oum
1012 2283 1276 2368 praecedentibus
1296 2283 1472 2368 coniungit

347 2398 471 2483 Nempe
494 2397 535 2464 ad
558 2397 756 2462 Socraticum
779 2397 886 2460 iocum
909 2398 986 2462 satis
1007 2396 1160 2481 frigidum
1180 2397 1219 2461 de
1238 2396 1471 2481 significatione

347 2512 438 2578 verbi
460 2511 635 2590 εὐωχεῖσθαι
658 2510 728 2593 (III,
753 2511 804 2593 14,
829 2511 876 2592 7),
901 2516 1029 2595 apparet
1051 2511 1112 2574 hoo
1134 2529 1175 2576 ex
1199 2511 1312 2575 ultima
1336 2508 1374 2592 §i
1399 2531 1472 2576 sen-

346 2628 462 2690 tentie:
491 2621 543 2688 acl
566 2622 623 2704 γοὶρ
646 2622 757 2704 bulgar
781 2621 859 2688 οὐδέν
883 2619 968 2698 ἦττον
991 2621 1007 2697 ἢ
1032 2621 1203 2704 σπουδάζων
1227 2623 1385 2688 ἐλυσιτέλει
1409 2632 1471 2697 τοῖς

345 2735 584 2819 συνδιατρίβουσι.
616 2737 744 2822 Reloge,
770 2757 899 2821 quaeso,
921 2738 1012 2802 illum
1035 2740 1153 2815 iocum,
1176 2740 1349 2820 statimque
1373 2738 1472 2803 verba

346 2873 365 2918 a
384 2850 551 2917 Schenklio
572 2851 719 2915 damnata
737 2850 874 2915 subiice:
892 2851 1055 2934 concedes,
1067 2857 1097 2916 te
1110 2871 1276 2935 nunquam
1291 2851 1470 2935 quidquam

345 2965 475 3049 vidisse,
499 2964 584 3048 quod
606 2965 747 3048 ineptius
772 2969 863 3028 asset.

391 3078 465 3142 Non
487 3083 593 3143 tamen
618 3077 808 3143 Schenklius
831 3078 909 3142 mihi
930 3077 1099 3143 satisfacit:
1119 3083 1224 3142 totum
1243 3079 1329 3142 enim
1342 3078 1469 3163 caputl

345 3212 419 3257 oum
442 3193 546 3276 prima
569 3192 726 3256 sententia
749 3192 884 3256 secundi
905 3191 945 3256 ab
965 3192 1189 3276 interpolatore
1208 3192 1352 3257 additum
1364 3193 1469 3275 ored0,

343 3311 381 3370 ut
404 3306 445 3370 ad
468 3305 665 3389 colloquium
688 3325 761 3370 curn
784 3304 987 3387 Euthydemo
1008 3307 1163 3370 transitus
1186 3313 1360 3391 pararetur.
1381 3306 1469 3371 Indi·

342 3419 419 3484 cabo
446 3437 530 3504 ergo,
556 3419 741 3502 quaemihi
762 3418 975 3504 Xenophonte
999 3411 1335 3504 indigna'vidoantur.

521 3533 540 3615 ᾖ
571 3533 599 3595 2.
633 3531 821 3612 ἐτεκμαίρετο
851 3532 882 3597 δὲ
905 3530 962 3604 τοὶς
983 3529 1101 3610 οὶγοιέοὶς
1125 3529 1229 3613 φύσεις
1253 3533 1285 3596 εἰι
1307 3535 1358 3596 τοῦ
1383 3530 1467 3611 σοιχύ

476 3669 509 3710 τε
542 3644 698 3724 μοονέοένειν
732 3639 771 3717 οἷς
801 3642 965 3726 προσέχοιεν
995 3642 1047 3708 nal
1079 3642 1267 3723 μνημονεύειν
1299 3645 1320 3710 οἳ
1351 3641 1468 3723 μοέέοιεν

477 3755 528 3823 rai
559 3759 705 3837 ἐπιθυμεῖν
736 3762 793 3822 σῶν
825 3756 1021 3837 μοννμσὶιον.
1053 3758 1133 3835 Quis
1156 3778 1301 3843 unquam
1324 3759 1396 3824 aliis
1418 3780 1467 3824 ar·

477 3875 638 3959 gumentis
680 3893 759 3939 usus
793 3874 832 3938 de
866 3873 1115 3939 adolescentium
1148 3873 1256 3937 indole
1287 3872 1466 3938 iudicavit?

477 3986 621 4052 Profecto
653 3988 693 4051 ad
721 3987 904 4052 istiusmodi
931 3988 1130 4052 coniecturas
1152 3983 1314 4052 faciendas
1338 3985 1466 4051 Socrate

475 4119 555 4185 opus
578 4101 661 4166 erat!

520 4215 539 4297 ξ
564 4216 591 4278 3.
615 4213 732 4280 Misera
754 4216 888 4280 huiusce
912 4213 948 4297 §i
974 4215 1154 4280 enunciatio
1175 4219 1240 4279 est:
1261 4215 1463 4298 ineptissima

476 4330 561 4393 enim
582 4331 644 4394 ista
664 4330 808 4414 repetitio
832 4334 897 4394 ost:
922 4325 1119 4407 γιγνομένους,
1143 4326 1278 4407 γένοιντο,
1303 4324 1464 4405 γέγνεσέοιι.
