3330 5262
890 573 954 636 328

365 757 573 821 Plutarchum
599 777 690 822 suam
714 757 850 821 finxisse
872 757 1087 820 narrationem
1110 775 1215 839 nemo,
1238 762 1275 821 ut
1298 759 1420 841 opinor,
1441 759 1485 822 iu·

365 869 516 935 credibile
539 889 609 934 esse
631 869 802 954 putabit1).

409 983 527 1048 Dorica
561 988 669 1048 autem
704 984 838 1047 dialecto
874 988 974 1048 totam
1009 983 1252 1048 altercationem.
1268 983 1370 1048 fuisse
1394 985 1486 1068 scrip

365 1102 430 1161 tam
455 1097 534 1161 mihi
557 1117 613 1180 pro
639 1101 724 1162 certo
750 1102 891 1176 constat,
917 1097 1094 1161 rectissime
1116 1115 1191 1180 ergo
1217 1096 1310 1160 oredo
1336 1095 1487 1162 (lebetum

365 1207 423 1292 pro
455 1209 648 1292 quibusdam
678 1209 844 1273 vocabulis
874 1211 991 1274 Atticis
1021 1208 1138 1272 Dorica
1170 1211 1356 1291 restituisse,
1388 1229 1488 1292 neque

366 1323 444 1387 mihi
467 1322 662 1406 persuadent
685 1324 746 1386 viri
768 1323 862 1404 docti,
886 1324 943 1407 qui
966 1322 1027 1387 sibi
1046 1323 1107 1386 hoc
1127 1327 1316 1406 argumento
1336 1320 1488 1386 Oobetum

366 1435 509 1500 refellere
533 1436 692 1518 videntur,
713 1441 749 1500 ut
769 1436 876 1499 dicant
895 1436 1116 1500 tantummodo
1130 1454 1213 1519 quae
1225 1455 1241 1498 e
1252 1434 1314 1516 ύορο
1327 1431 1488 1514 Spartano

367 1551 473 1612 citarit
504 1550 675 1632 Agesilaus
710 1547 749 1634 (i.
762 1568 788 1612 e.
820 1569 861 1611 κα
889 1548 926 1619 ὡς
954 1546 1125 1632 βασιλεύοι)
1154 1548 1230 1612 olim
1253 1546 1370 1612 Dorice
1393 1547 1489 1612 fuisse

368 1665 542 1746 enuntiata,
565 1668 687 1727 ceteras
711 1682 821 1727 omnes
844 1662 964 1726 formas
986 1661 1120 1726 Doricos
1144 1662 1251 1727 sciolis
1271 1661 1388 1726 deberi.
1409 1661 1488 1726 Nam

368 1782 399 1842 et
429 1778 602 1841 admodum
633 1776 853 1861 improbabilis
884 1795 921 1840 ea
950 1777 1134 1840 coniectura
1158 1780 1215 1857 est,
1237 1779 1269 1838 et
1290 1779 1428 1858 negatur
1447 1776 1490 1837 ita

368 1889 455 1973 quod
480 1891 610 1954 minime
635 1891 743 1974 negari
765 1893 878 1973 potest,
901 1887 1150 1972 Xenophontem
1170 1906 1264 1971 saepe
1283 1886 1489 1951 illustrandae

369 2006 560 2067 narrationis
580 2007 682 2087 gratia
701 2003 864 2087 Spartanis
883 2002 1000 2067 Dorica
1018 2001 1169 2087 praebere
1189 2001 1354 2066 vocabula.
1371 2000 1490 2064 umul-

370 2118 413 2179 tis
445 2116 524 2180 locis
559 2137 661 2181 unum
696 2117 834 2199 afferam,
870 2118 927 2200 qui
961 2116 1058 2199 vulgo
1082 2115 1262 2199 negligitur.
1288 2114 1325 2177 ln
1351 2113 1491 2177 Anabasi

369 2228 453 2310 (Vll,
479 2229 508 2310 1,
531 2230 562 2306 8)
587 2228 741 2292 Cleander
764 2228 941 2312 Spartanus
965 2229 1004 2291 ad
1027 2226 1275 2310 Xenophontem
1298 2226 1376 2290 haec
1399 2224 1488 2288 dicit:

368 2339 420 2405 aul
444 2343 491 2403 ιιύι
515 2341 589 2412 τινὲς
608 2339 662 2414 ἤδη
683 2363 717 2404 οε
735 2341 882 2404 αἰτιῶνται
900 2338 942 2404 ὅτι
962 2341 993 2403 ού
1013 2338 1098 2418 τύχω
1118 2335 1226 2419 ἐξέρπει
1250 2338 1283 2402 τὸ
1309 2334 1489 2417 στρούτευροα.

367 2454 511 2519 Verbum
544 2459 651 2518 autem
681 2450 774 2532 ἕρπειν
800 2472 857 2537 pro
880 2451 951 2516 ἰέναι
974 2451 1129 2516 Doricum
1153 2471 1223 2516 esse
1246 2470 1341 2516 nemo
1364 2455 1413 2514 est
1436 2451 1492 2532 qui

368 2569 501 2650 ignoret.

411 2677 470 2762 111,
506 2681 533 2742 3.
568 2678 772 2760 Leotychidis
807 2698 937 2742 causam
973 2677 1146 2742 defendens
1177 2675 1344 2760 Diopithes
1374 2679 1491 2758 monet,

368 2795 538 2876 antiquum
563 2812 633 2856 esse
655 2793 815 2876 Apollinis
840 2793 1015 2874 oraculum,
1038 2798 1074 2855 ut
1099 2791 1247 2876 Spartani
1270 2795 1421 2854 caverent
1439 2787 1492 2859 riv

367 2905 470 2986 χωλὴν
501 2904 668 2982 βασιλείαν.
695 2905 880 2989 Respondet
901 2904 1066 2986 Lysander
1089 2923 1123 2968 se
1146 2923 1211 2966 non
1235 2903 1365 2967 credere
1387 2901 1492 2966 Deum

368 3021 541 3104 Spartanos
571 3021 705 3082 iussisse
736 3014 930 3098 Φυλύξασύαι
962 3018 1005 3094 μὴ
1035 3015 1239 3096 προσπταίσας
1262 3039 1307 3087 τις
1329 3013 1492 3093 χωλεύσαι,

367 3131 451 3195 οὶλλύο
474 3133 591 3207 μᾶλλον
614 3130 657 3208 μὴ
681 3131 733 3193 οὐκ
755 3128 792 3192 ὢν
815 3134 866 3193 τοῦ
889 3128 989 3207 γένους
1014 3127 1208 3205 βασιλεύσειε·
1233 3127 1412 3192 παιτούπασι
1436 3126 1493 3207 γὰρ

368 3242 404 3307 dcv
435 3243 537 3322 χωλὴν
568 3237 637 3307 εἶναι
668 3245 722 3315 τὴν
753 3242 909 3319 βασιλείαν
930 3240 1017 3305 ὁπότε
1040 3241 1083 3319 ab
1108 3241 1131 3305 οἱ
1154 3241 1212 3320 αφ’
1236 3239 1414 3320 Ἡρακλέους
1438 3246 1492 3313 τῆς

368 3355 479 3428 πόλεως
500 3355 625 3434 ἡγοῖντο.
640 3356 828 3421 Absurdum
841 3357 928 3420 istud
939 3353 1092 3434 χωλεύσαι
1104 3357 1167 3419 iam
1182 3355 1350 3437 aliquoties
1363 3355 1493 3418 demon-

369 3475 504 3538 stratum
538 3476 586 3534 est
618 3470 789 3534 delendum
820 3489 899 3552 esse,
921 3469 1085 3532 mordicus
1110 3473 1215 3531 tamen
1239 3468 1335 3531 multi
1357 3466 1494 3530 editores

367 3588 403 3649 in
439 3589 531 3649 textu
566 3585 714 3647 retinent.
748 3582 889 3645 Ironiam
920 3583 1005 3646 enim
1036 3582 1144 3644 neseio
1177 3600 1272 3663 quam
1295 3580 1492 3644 reconditam

369 3716 583 3781 arcanamque
613 3698 647 3758 in
675 3698 737 3760 iste
761 3690 956 3775 Φωλούξασύαι
979 3693 1022 3771 μὴ
1048 3691 1252 3774 προσπταίσας
1274 3715 1319 3763 τις
1341 3689 1495 3770 χωλεύσαι

369 3830 439 3876 esse
463 3812 694 3894 excogitarunt,
718 3813 749 3872 et
771 3808 865 3872 illam*
882 3809 995 3890 ipsam,
1019 3808 1247 3889 quamvisper
1270 3823 1304 3868 se
1328 3806 1390 3868 iam
1416 3806 1495 3868 satis

370 3928 411 3990 sit
442 3926 549 4008 inepta
573 3930 603 3988 et
626 3924 771 4005 ridicula,
796 3928 832 3986 ut
856 3921 1034 4003 defendant,
1058 3939 1124 3984 rem
1150 3939 1214 3982 non
1238 3920 1346 3982 minus
1367 3918 1495 3980 inaudi-

402 4196 429 4260 l)
454 4196 624 4246 Plutarchum
649 4210 701 4244 non
724 4194 876 4244 melioribus
899 4207 979 4242 usum
1002 4207 1056 4242 esse
1074 4191 1252 4255 Xenophontis
1268 4191 1395 4241 codicibus
1412 4207 1496 4255 quarn

369 4301 434 4351 quos
451 4301 498 4336 nos
515 4287 641 4336 hahemus
657 4287 817 4335 demonstrat
834 4284 989 4334 Schenklius
1007 4283 1073 4333 Xen.
1092 4282 1165 4333 Stud.
1182 4283 1203 4331 I.
1220 4297 1244 4346 p.
1261 4279 1319 4330 580.
