3348 5262
349 773 380 832 et
416 768 614 832 decantatam
651 765 744 849 fingit
781 767 976 832 historiolam
1011 768 1098 832 hisce
1128 767 1251 832 verbis:
1285 765 1483 847 Σπιθριδάτης

348 879 429 943 εἰδὼς
453 877 495 943 ὅτι
520 875 716 958 Φαρνάβαζος
739 885 838 956 γῆμαι
861 876 915 956 μὲν
939 878 990 952 τὴν
1009 878 1157 957 βασιλέως
1176 877 1303 960 ἔπραττε
1324 878 1482 959 θυγατέρα,

350 989 404 1062 τὴν
427 989 458 1054 δὲ
481 991 573 1054 αὐτοῦ
596 987 666 1053 ἄνευ
688 987 792 1067 γυίρανυ
816 989 925 1067 λαβεῖν
950 989 1099 1068 ἐβούλετο.

395 1104 434 1168 D.
467 1105 566 1170 Locos
600 1104 833 1169 Hellenioorum
866 1124 932 1169 non
965 1105 1133 1172 miellectos
1163 1106 1310 1186 corrupit.
1343 1106 1382 1170 Id
1405 1125 1483 1170 vero

353 1220 468 1284 vitium
494 1221 639 1283 omnium
661 1218 957 1302 frequentissimum
985 1223 1050 1283 est:

395 1330 437 1413 II,
469 1332 520 1394 21.
553 1329 647 1406 Quod
674 1349 794 1414 paoem,
819 1349 902 1414 quae
925 1330 1115 1395 Antaloidea
1138 1335 1279 1414 vocatur,
1303 1351 1370 1394 non
1392 1350 1484 1415 prae-

352 1443 498 1508 sentibus
530 1444 673 1508 nummis
696 1447 834 1527 emptam
859 1444 916 1508 sed
939 1463 957 1508 a
980 1443 1208 1528 Spartanorum
1231 1444 1379 1509 hostibus
1402 1445 1485 1528 peti-

353 1561 428 1638 tam,
451 1575 517 1619 non
541 1575 559 1618 a
583 1553 670 1638 Rege
694 1556 875 1638 impositam
900 1556 957 1620 sed
980 1576 999 1619 a
1022 1555 1187 1640 Spartanis
1211 1576 1395 1622 concessam
1418 1561 1485 1620 tra-

354 1669 409 1750 dit,
431 1669 465 1732 id
488 1669 618 1752 quidem
644 1667 826 1732 mirandum
851 1688 916 1732 non
940 1674 1005 1748 est3
1030 1669 1062 1732 in
1084 1670 1227 1754 Agesilai
1246 1671 1332 1734 enim
1352 1671 1485 1734 laudem

353 1781 472 1846 scribit.
508 1781 570 1846 Sed
605 1801 647 1844 ex
680 1781 742 1844 alio
775 1800 892 1865 genere
925 1786 974 1846 est
1008 1782 1095 1866 quod
1127 1783 1225 1865 addit,
1249 1782 1423 1848 Corinthiis
1453 1787 1487 1848 et

354 1894 514 1960 Thebanis
544 1897 588 1958 ita
620 1895 751 1958 demum
777 1913 886 1978 paoem
912 1913 1097 1960 concessam
1121 1914 1191 1960 esse
1214 1897 1242 1960 si
1265 1897 1378 1960 exules
1402 1898 1486 1960 reoi-

354 2014 474 2093 perent.
498 2008 573 2072 Non
597 2027 679 2092 nego
703 2008 843 2092 quidem,
865 2007 934 2072 fieri
958 2009 1101 2092 potuisse
1124 2014 1160 2072 ut
1179 2014 1210 2074 et
1227 2009 1370 2074 Tbebani
1388 2012 1487 2076 iussu

355 2122 499 2205 Agesilai
530 2121 643 2186 exules
668 2120 823 2204 quosdam
847 2121 1034 2204 reciperent,
1057 2121 1114 2185 sed
1137 2141 1201 2185 non
1225 2122 1304 2187 haec
1328 2127 1396 2188 erat
1419 2125 1487 2207 pri-

354 2235 455 2297 maria
487 2235 636 2314 conditi0,
667 2253 732 2316 qua
760 2232 807 2295 illi
830 2233 870 2295 ad
893 2252 1095 2297 communem
1121 2235 1263 2297 omnium
1288 2234 1486 2300 Graecorum

354 2367 466 2433 paoem
497 2351 575 2411 sunt
603 2347 751 2410 admissi:
776 2365 846 2410 eam
872 2351 979 2410 autem
1001 2347 1147 2410 laudator
1170 2348 1286 2431 omisit,
1310 2354 1342 2413 et
1363 2369 1421 2434 pro
1445 2368 1487 2414 ea

354 2461 543 2526 festinanter
573 2460 667 2523 aliam
695 2459 920 2543 {inritatque
945 2460 990 2523 ita
1012 2478 1142 2524 narrare
1165 2461 1308 2544 neglexit
1329 2461 1372 2544 id,
1396 2462 1488 2545 quod

356 2575 391 2636 in
421 2592 498 2656 paee
523 2573 743 2655 componenda
765 2573 899 2635 maximi
922 2572 985 2636 fuit
1009 2573 1178 2636 momenti:
1202 2572 1360 2638 Thebanis
1383 2575 1488 2658 impe-

354 2691 460 2750 ratum
485 2690 615 2750 esseut
639 2681 818 2760 αὐτονόμους
842 2684 947 2764 ἀφεῖεν
970 2683 1027 2758 τὰς
1049 2683 1185 2756 Βοιωτίας
1209 2683 1316 2757 πόλεις.

399 2800 441 2882 II,
472 2801 523 2862 22.
554 2799 593 2862 In
628 2800 773 2864 encomio
796 2799 929 2882 legitur:
954 2797 1038 2877 εὑρὼν
1061 2797 1093 2862 δὲ
1115 2796 1405 2879 ἀποτεταφρευμένα
1430 2798 1486 2863 καὶ

354 2909 608 2990 ἀπεσταυρωμένα
639 2907 775 2983 ἅπαντα,
808 2909 938 2990 ὑπερβὰς
966 2909 1022 2982 τας
1050 2909 1137 2982 Κυνὸς
1161 2909 1302 2990 κεφαλὰς
1325 2909 1407 2991 ἐδῄου
1429 2910 1487 2982 τὴν

354 3025 456 3107 χώραν
480 3024 571 3105 μέχρι
593 3027 643 3089 τοῦ
666 3021 780 3095 ἄστεος.
807 3023 855 3089 De
879 3023 1026 3106 Agesilao
1044 3025 1122 3088 haec
1142 3029 1332 3105 narrantur;
1353 3044 1394 3088 ex
1406 3025 1489 3090 Hel-

355 3142 468 3205 lenieis
499 3140 549 3222 (V,
573 3142 603 3221 4,
629 3139 681 3220 15)
716 3136 941 3203 Cleombrotum
970 3157 1008 3202 ea
1030 3139 1082 3201 ria
1107 3157 1203 3201 usum
1227 3157 1297 3202 esse
1321 3137 1488 3202 discimus.

355 3255 471 3340 Neque
493 3255 574 3318 levis
598 3257 646 3317 est
669 3272 706 3316 ea
730 3251 958 3335 discrepantia3
984 3251 1118 3315 adversa
1141 3251 1227 3314 enim
1252 3250 1356 3314 fronte
1374 3251 1488 3314 lauda-

356 3371 434 3434 toris
465 3368 605 3432 narratio
636 3369 795 3449 repugnat
823 3365 874 3429 his
905 3363 1130 3447 Xenophontis
1161 3362 1267 3427 verbis
1291 3363 1358 3446 (vi,
1381 3366 1410 3446 4,
1436 3365 1486 3444 dl:

357 3477 545 3557 Ἀγντνλυὶυυ
568 3476 614 3541 αεὶ
638 3475 845 3554 ἐμβάλλοντας
868 3475 919 3540 δια
941 3480 992 3540 τοῦ
1018 3476 1192 3556 Κιθαιρῶνος.

400 3593 442 3674 II,
476 3594 503 3656 7.
539 3592 663 3675 „Apud
693 3589 891 3654 Coroneam''
915 3590 1060 3654 laudator
1084 3591 1127 3653 ait
1154 3589 1352 3673 „Agesilaus
1376 3588 1490 3660 πλῆθος

356 3706 434 3770 οὐδὲν
458 3711 539 3782 μεῖον
563 3701 578 3777 ἢ
604 3704 636 3768 τὸ
660 3707 716 3766 τῶν
740 3702 889 3779 πολεμίων·
911 3699 1185 3782 παρεσκευασατυ”.
1206 3702 1389 3786 Xenophon
1409 3721 1488 3766 vero

357 3819 449 3882 docet
472 3817 678 3899 (Halitus,
693 3817 745 3899 15)
770 3818 917 3899 equitum
944 3816 1074 3899 quidem
1097 3835 1269 3880 numerum
1293 3817 1490 3898 inutraque

358 3934 502 3997 exercitu
532 3931 670 3996 eundem
701 3930 811 4012 fuisse,
842 3930 898 3994 sed
928 3930 1071 4014 peltastis
1102 3929 1199 3995 malie
1222 3929 1322 4012 napis
1345 3930 1490 3994 valuisse

359 4046 556 4130 Agesilaum.

403 4157 444 4239 II,
470 4158 519 4219 11.
551 4156 703 4240 Legimus
727 4157 761 4220 in
785 4155 961 4220 Hellenieis
985 4155 1054 4238 (III,
1078 4158 1108 4237 4,
1133 4156 1186 4236 20)
1210 4155 1418 4239 Herippidam
1445 4155 1488 4219 ab

361 4270 511 4353 Agesilao
535 4270 648 4334 ducem
668 4272 724 4331 τῶν
744 4267 862 4350 Κυρείων
881 4268 1002 4332 factum
1022 4287 1100 4332 esse.
1119 4266 1193 4331 Non
1214 4268 1290 4333 satis
1303 4268 1362 4331 hoo
1375 4272 1487 4332 nostro
