3330 5262
744 586 806 648 327

210 769 329 833 vidisse
356 769 531 852 finxerunt,
562 770 618 834 sed
649 790 780 854 sparsus
812 775 860 834 est
886 789 944 854 per
967 769 1080 834 urbem
1103 789 1221 854 rumor,
1244 771 1340 856 isque

210 887 242 945 et
270 882 311 945 ad
340 900 448 966 regem
479 882 602 946 allatus.
632 882 693 946 lile
725 888 836 948 utrum
868 885 976 947 statim
1004 883 1101 948 fidem
1125 882 1273 950 habuerit
1295 903 1338 948 an

210 994 412 1078 aliquamdiu
432 995 586 1060 dubitarit
606 997 786 1060 nescimus:
805 995 861 1060 sed
874 995 1035 1060 credibilis
1048 997 1077 1059 ei
1089 995 1192 1059 videri
1204 994 1338 1064 debebat

208 1125 269 1188 res,
294 1126 397 1190 quum
421 1107 544 1172 decimo
569 1114 640 1192 post
663 1116 765 1174 terrae
790 1113 912 1172 motum
937 1110 975 1189 (is
995 1111 1081 1172 enim
1103 1108 1237 1192 quodie
1257 1108 1337 1176 fuis·

208 1225 257 1284 set
275 1219 367 1284 facile
388 1222 541 1286 memoria
559 1221 725 1302 retinebat)
746 1240 856 1286 mense
875 1241 961 1286 uxor
979 1226 1111 1305 pareret.
1128 1219 1217 1284 Nihil
1229 1225 1336 1290 tamc'u

209 1338 405 1416 compertum
440 1332 593 1398 habebat:
631 1336 750 1398 etenim
785 1334 840 1398 illo
875 1339 1019 1417 tempore
1049 1339 1081 1396 ct
1110 1334 1180 1416 ipse
1204 1331 1336 1416 Spartae

207 1443 320 1526 fuerat,
352 1444 486 1510 fortasse
518 1465 554 1510 ea
585 1451 687 1527 nocte,
716 1464 799 1529 quae
822 1450 923 1510 terrae
947 1450 1069 1510 motum
1094 1447 1277 1530 praecessit,
1299 1447 1335 1510 in

207 1559 320 1622 uxoris
351 1557 501 1623 cubiculo
534 1578 598 1622 non
623 1555 718 1638 ἐφάνη
744 1558 931 1640 (absurdum
953 1559 1040 1622 enim
1063 1558 1146 1622 illud
1169 1564 1217 1624 est
1239 1578 1335 1624 voca-

207 1671 332 1754 bulum,
363 1673 431 1736 sive
464 1672 648 1753 „maritus”
679 1678 727 1737 ost
756 1672 935 1736 subiectum
966 1674 1035 1736 sive
1068 1670 1253 1754 „adulter’')
1278 1672 1334 1740 sed

208 1789 336 1848 strenue
360 1804 489 1869 operam
513 1786 609 1867 dedit,
632 1805 673 1850 nc
695 1787 747 1850 sui
769 1785 825 1849 illa
846 1785 1090 1849 oblivisceretur
1113 1783 1191 1848 dum
1212 1784 1332 1853 bellum

206 1903 331 1981 gereret
354 1917 427 1962 cum
450 1898 713 1962 Atheniensibus.

251 2011 296 2074 Ut
319 2012 447 2076 tandem
467 2012 602 2076 huiusce
621 2012 846 2095 disputationis
867 2031 1027 2076 summam
1048 2010 1224 2094 conficiam,
1237 2012 1331 2082 oredo

206 2123 443 2188 altercationem
467 2124 610 2207 Agesilai
629 2143 702 2188 cum
722 2123 925 2205 Leotychide,
944 2122 1061 2187 Dorica
1080 2122 1334 2207 dialecto-scrip·

206 2241 281 2318 tam,
315 2238 379 2300 iam
414 2257 480 2300 non
514 2239 560 2301 ita
583 2236 684 2300 multo
707 2242 781 2320 post
803 2219 967 2319 scriptoris
991 2240 1126 2300 mortem
1150 2241 1333 2320 corruptam

205 2367 284 2431 esse,
307 2355 364 2412 aut
387 2349 469 2413 male
492 2350 684 2414 intellectam
709 2368 820 2413 ansam
840 2348 966 2413 dedisse
986 2347 1234 2430 narrationibus,
1254 2369 1333 2434 qua-

204 2461 250 2526 les
281 2462 367 2545 apud
398 2461 607 2526 Plutarchum
639 2462 786 2546 legimus.
812 2459 903 2525 Certe
927 2461 1023 2525 verba
1048 2479 1131 2544 quae
1154 2460 1245 2526 nobis
1269 2467 1332 2530 tra-

204 2575 268 2638 dita
303 2580 379 2639 sunt
412 2571 509 2654 ἔφυγε
542 2573 593 2638 aa>
623 2571 720 2654 ἐφάνη
752 2574 780 2636 ἐν
803 2575 844 2653 τῷ
868 2571 995 2652 lestap
1020 2575 1145 2638 sincera
1168 2593 1237 2639 esse
1264 2595 1329 2642 uon

202 2694 347 2773 possunt,
382 2708 488 2773 neque
523 2695 679 2754 sanantur
709 2689 816 2754 addita
847 2689 945 2754 verbo
968 2687 1064 2768 ἐφάνη
1089 2691 1245 2773 particula
1267 2691 1327 2756 eia

202 2802 307 2868 Sensu
331 2804 417 2866 enim
441 2822 568 2866 cassum
592 2808 641 2866 est
662 2799 759 2881 ἐφνγε
780 2801 832 2865 καὶ
856 2803 906 2866 οὐκ
930 2799 1036 2881 ἐφάνη.
1063 2802 1197 2867 Abiecto
1221 2808 1327 2868 autem

201 2911 297 2995 ἔφυγε
330 2913 382 2977 νηί
413 2920 554 2979 remanet
588 2915 723 2978 verbum
754 2912 861 2997 ἐφάνη,
884 2917 917 2978 in
942 2935 1006 2998 quo
1029 2917 1135 2978 omnis
1159 2921 1208 2979 est
1230 2916 1328 2982 huius

200 3027 262 3090 loci
287 3028 543 3092 molestiarum
567 3029 650 3090 enim
677 3028 806 3094 demum
830 3029 948 3112 aliquis
972 3048 990 3091 e
1013 3028 1118 3094 verbis
1142 3027 1201 3108 άφ’
1228 3022 1259 3092 οὗ
1278 3029 1329 3098 οὐκ

199 3140 296 3221 ἐφάνη
328 3141 357 3205 ἐν
388 3143 429 3220 τῷ
464 3139 590 3221 άηλάμῳ
620 3143 693 3207 elici
715 3149 824 3226 posset
846 3163 970 3225 sensae,
994 3145 1022 3207 si
1047 3143 1132 3207 dicta
1154 3149 1263 3210 essent
1288 3144 1327 3209 dc

201 3256 323 3336 marito,
342 3254 641 3338 significarentque:
667 3260 765 3339 „post
784 3256 928 3319 ultimam
950 3261 1075 3319 noctem
1089 3276 1153 3339 qua
1165 3258 1199 3320 in
1214 3257 1326 3322 uxoris

199 3367 261 3430 fuit
290 3365 476 3458 cubiculo”;
501 3367 556 3430 sed
581 3372 651 3431 tum
675 3367 813 3432 absurde
835 3369 869 3431 id
893 3375 976 3433 esset
999 3370 1212 3452 enuntiatum,
1235 3389 1326 3456 coge-

199 3497 373 3564 remurque
392 3486 424 3545 ct
442 3480 663 3563 praecedentia
681 3476 827 3554 ἐξελάσας
846 3480 885 3552 εἷς
905 3481 937 3544 τὸ
953 3481 1076 3562 φάνερὸν
1088 3482 1138 3545 τὸν
1149 3481 1198 3546 σὸν
1210 3481 1327 3560 ratlac

199 3593 239 3656 de
262 3593 403 3676 legitimo
427 3595 570 3676 accipere
594 3595 717 3674 marito,
741 3594 828 3676 quod
852 3598 938 3658 vetat
960 3614 1039 3658 sana
1061 3596 1149 3659 ratio.
1170 3593 1222 3656 Ex
1242 3595 1325 3660 mul·

198 3707 239 3770 tis
270 3707 436 3770 sententiis
460 3705 537 3770 haec
560 3706 639 3769 mihi
661 3707 803 3770 maxime
825 3706 952 3770 videtur
974 3705 1165 3790 probabilis:
1190 3708 1326 3792 scripse-

197 3824 247 3882 rat
268 3818 451 3901 Xenophon
475 3819 555 3881 nihil
578 3823 703 3902 praeter
724 3819 801 3882 hoc:
819 3814 860 3891 ἐξ
883 3813 914 3882 οὗ
936 3816 994 3899 γάρ
1017 3841 1059 3882 τοι
1083 3816 1194 3897 ἐφνγεν
1221 3816 1254 3902 (i
1274 3818 1324 3890 σὸς

196 3931 304 4010 πατήρ,
336 3934 354 3994 i.
368 3950 394 3994 e.
426 3929 569 4012 adulter)
596 3930 637 3992 ἐκ
666 3933 714 3992 τῶ
745 3930 907 4008 άάλάμω
938 3929 1052 4010 δεκάτῳ
1080 3927 1154 4006 μηνὶ
1177 3928 1213 3992 τὺ
1236 3927 1320 4008 ἔφυς.

197 4043 274 4108 Mox
306 4049 414 4108 autem
444 4048 592 4127 corrupta
623 4049 699 4107 sunt
733 4043 831 4106 verba
856 4044 889 4106 ἐκ
913 4046 952 4106 τῶ
978 4040 1114 4118 laadan,
1137 4062 1195 4126 pro
1217 4043 1323 4127 iisque

196 4159 350 4242 scriptum
381 4155 410 4218 ἐν
440 4156 481 4234 τῷ
512 4152 649 4234 taedae,
682 4155 769 4238 quod
800 4161 837 4219 ut
859 4155 989 4221 haberet
1011 4156 1097 4220 unde
1120 4157 1323 4240 pendereta

196 4270 303 4334 nescio
340 4288 404 4354 quo
437 4271 596 4335 inscrtum
630 4273 679 4332 cst
713 4266 766 4332 κννὶ
799 4266 906 4350 ἐφάνη.
939 4269 992 4332 Ex
1014 4275 1164 4353 corrupta
1185 4269 1322 4335 lectione
