3354 5268
738 674 780 736 89

198 879 236 924 ea
264 879 308 943 re,
340 878 436 946 quam
469 859 504 922 in
526 860 668 924 oratione
691 861 824 944 exponit
846 859 1039 942 Xenophon,
1062 859 1195 923 adversa
1217 859 1321 925 fronte

198 979 351 1058 pugnant.
374 972 463 1036 Nihil
488 974 574 1036 enim
597 973 673 1037 mali
691 993 710 1036 a
730 973 887 1037 militibus
907 977 968 1042 τοῖς
987 970 1177 1051 ἀγορανόμοις
1189 974 1319 1036 accidit:

198 1090 234 1153 in
268 1109 370 1153 unum
403 1087 591 1153 Zelarohum
615 1088 771 1171 impetum
795 1087 949 1168 fecerunt,
971 1087 1064 1170 isque
1087 1086 1164 1170 fuga
1186 1087 1321 1150 salutem

201 1203 366 1286 quaesivit.
397 1200 522 1265 Deinde
545 1201 766 1265 tantummodo
790 1201 829 1264 de
853 1198 1043 1263 Colchorum
1066 1199 1179 1282 legatis
1204 1202 1322 1264 mentio

199 1315 245 1398 fit,
280 1316 391 1380 siletur
426 1315 466 1378 de
501 1312 706 1396 Gerasuntiis,
741 1315 798 1397 qui
832 1319 863 1378 et
893 1313 1001 1397 plures
1024 1320 1055 1377 et
1079 1312 1192 1378 Graeci
1215 1320 1321 1377 erant:

200 1429 301 1492 multo
324 1447 398 1512 ergo
421 1429 553 1511 gravius
574 1429 608 1490 in
632 1428 704 1492 illos
724 1428 827 1492 seelus
849 1428 1079 1492 commiserunt
1099 1428 1224 1492 milites.
1244 1427 1323 1493 Pos-

200 1547 301 1605 tremo
334 1561 432 1624 quam
462 1540 600 1605 absurde
624 1540 745 1604 dietum
768 1546 816 1605 est
839 1542 915 1605 hoo:
944 1547 1076 1622 ,metus
1100 1547 1189 1605 ortus
1212 1547 1324 1606 estne

201 1656 319 1719 milites
355 1655 497 1719 facerent
528 1655 614 1719 idem
651 1655 738 1738 quod
774 1654 965 1720 Colchorum
999 1656 1113 1739 legatis
1143 1654 1323 1719 feeissent’.

202 1767 282 1844 Quis
302 1770 388 1833 enirn
407 1769 586 1852 intelligere
604 1771 714 1852 possit,
725 1770 789 1833 nisi
802 1769 880 1852 quid
891 1769 955 1833 illis
968 1769 1118 1832 acciderit
1129 1767 1324 1852 eognoscat?

203 1883 280 1946 Tam
310 1883 456 1966 ineptum
483 1901 525 1945 ne
546 1883 638 1946 illum
663 1883 792 1966 quidem
815 1883 1073 1966 interpolatorem
1097 1881 1199 1945 fuisse
1221 1880 1325 1964 oredo,

204 1997 260 2079 qui
291 1995 378 2059 huno
408 1995 515 2059 locum
546 1998 696 2079 eorrupit,
722 2001 758 2059 ut
780 1996 901 2078 aliquid
925 1996 1062 2076 adderet,
1087 1994 1175 2077 quod
1197 1972 1323 2056 nullum

204 2127 334 2172 sensum
369 2107 505 2172 haberet
535 2107 609 2172 Non
641 2128 716 2192 ergo
749 2110 905 2172 assentior
933 2107 1130 2172 Rehdantzio
1153 2107 1327 2190 divellenti,

204 2239 287 2304 quae
310 2219 349 2283 ab
374 2220 484 2284 eodem
508 2221 637 2284 homine
660 2226 737 2285 sunt
759 2221 905 2305 profecta.
930 2220 964 2285 Si
986 2240 1062 2286 vero
1086 2226 1190 2285 totum
1210 2220 1326 2302 looum,

205 2351 302 2416 quem
335 2351 393 2416 ego
428 2335 575 2416 spurium
609 2353 679 2398 esse
708 2335 824 2416 iudioo,
855 2339 986 2417 spectes,
1014 2339 1093 2416 quot
1124 2338 1327 2416 quantosque

204 2465 326 2511 errores
348 2447 583 2530 interpolatoris
605 2448 775 2512 observare
797 2447 887 2512 lieet!
908 2446 971 2511 Sed
990 2447 1063 2510 nolo
1083 2466 1120 2511 ea
1138 2465 1327 2511 enumerare

206 2578 289 2644 quse
311 2561 472 2623 neminem
496 2560 607 2644 fugere
629 2562 759 2644 possint.

249 2671 339 2755 VIII,
369 2675 399 2735 4.
429 2669 508 2749 ὅμως
538 2672 569 2736 δὲ
598 2669 680 2746 λέξον
702 2673 735 2735 ἐκ
757 2671 832 2744 τίνος
854 2671 998 2749 ἐπλήγης.
1024 2671 1110 2748 Quid
1133 2674 1174 2737 sit
1196 2672 1230 2735 εἰι
1252 2670 1328 2743 τίνος

206 2784 471 2849 obscurissimum
506 2790 570 2850 est:
603 2804 696 2850 nemo
727 2787 822 2865 enim,
857 2790 893 2849 ut
922 2787 1043 2869 opinor,
1072 2785 1168 2848 iidem
1199 2784 1329 2848 habebit

206 2897 360 2962 Kiihnero
381 2899 563 2961 annotanti:
591 2899 649 2980 ,r’x
672 2897 756 2971 τίνος,
781 2899 867 2962 idem
892 2899 978 2981 quod
999 2895 1047 2960 διὰ
1066 2895 1124 2960 τί.”
1145 2896 1328 2960 Verisimile

207 3017 263 3094 est,
287 3011 525 3076 substantivum
550 3012 716 3095 excidisse,
740 3018 771 3077 et
790 3012 962 3095 legendum
983 3029 1070 3074 esse:
1090 3008 1208 3080 ἐκτίνος
1221 3008 1327 3079 αἰτίοις.

250 3123 342 3206 VIII,
377 3126 427 3188 13.
459 3123 592 3201 ὁμολογῶ
626 3130 731 3186 aeirus
766 3123 800 3195 dl
836 3121 943 3201 ἄνδρας
973 3119 1065 3185 ἕνεκεν
1097 3119 1225 3195 οὶτοιξίοις
1255 3117 1330 3194 ὅσοις

207 3235 348 3317 σώζεσθαι
383 3237 438 3314 μὲν
469 3235 545 3317 ἤρκει
576 3235 612 3299 δι’
637 3235 716 3312 ὑμῶν
740 3236 769 3298 ἕν
792 3232 875 3309 wito
898 3259 932 3299 τε
954 3233 1049 3298 ἰόντων
1072 3233 1123 3298 καὶ
1148 3233 1330 3314 μαχομένων

207 3348 278 3414 ὅπου
311 3347 376 3422 δέοι,
411 3347 497 3414 αὐτοὶ
530 3348 561 3412 δὲ
591 3347 724 3419 λιπόντες
755 3348 811 3420 τοὶς
834 3345 933 3422 vatem
957 3349 1016 3412 κτὲ.
1041 3349 1080 3413 In
1105 3349 1270 3412 voeabuHs
1293 3346 1330 3411 δι’

208 3464 289 3542 ὑμῶν
323 3466 448 3528 variant
481 3463 614 3546 codices,
646 3463 838 3547 videturque
868 3464 910 3544 id,
942 3463 1029 3546 quod
1058 3483 1146 3527 nune
1176 3463 1331 3527 editiones

208 3577 369 3661 praebent,
403 3595 421 3641 e
450 3578 633 3640 oonieoture
664 3582 776 3640 natum
802 3595 879 3641 osse.
903 3576 1063 3660 Equidem
1087 3596 1152 3639 non
1176 3576 1332 3639 assentior

209 3690 318 3775 Hugio
342 3691 557 3755 coniecturam
580 3691 668 3753 illam
693 3690 857 3774 probanti:
882 3690 975 3753 oredo
999 3691 1085 3753 enim
1108 3689 1252 3752 lectionis
1276 3707 1330 3750 ve·
1375 3697 1377 3702 ’

209 3807 353 3869 rietatem
378 3823 395 3868 e
418 3805 651 3888 praepositione
673 3801 721 3867 διοῖ
746 3804 827 3868 male
849 3803 937 3867 illata
960 3807 1061 3867 ortam
1085 3821 1164 3882 esse,
1187 3802 1331 3884 quamsi

210 3919 440 4003 expulerimus,
464 3919 589 4001 egregie
612 3919 775 4001 genitivus
799 3916 966 3980 absolutus
989 3917 1029 3979 iis
1050 3934 1132 3998 quae
1151 3920 1332 3998 sequuntur

211 4033 376 4115 oppositus
411 4032 486 4094 erit:
528 4077 543 4110 „
557 4031 622 4114 qui,
659 4050 759 4113 quum
794 4049 853 4092 vos
885 4036 917 4093 et
946 4030 980 4090 in
1004 4029 1130 4111 agmine
1154 4032 1184 4090 et
1206 4028 1241 4089 in
1265 4027 1332 4089 acio

211 4145 327 4226 losum,
361 4143 419 4207 ubi
453 4164 471 4207 a
501 4143 638 4207 ducibus
669 4144 814 4207 collocati
846 4143 967 4223 essetis,
996 4141 1132 4204 fideliter
1155 4140 1332 4221 servaretis,

211 4259 345 4342 imperia
367 4277 432 4321 non
456 4264 613 4340 curarent,
637 4257 693 4322 sed
716 4275 780 4340 quo
803 4255 927 4319 luberet
949 4252 1186 4318 excurrerent'’.
1212 4299 1215 4306 -
1248 4256 1250 4260 '

257 4371 347 4457 VIII,
373 4373 422 4435 17.
446 4370 470 4434 εἰ
492 4370 523 4436 δὲ
545 4367 595 4438 ἐπὶ
620 4376 682 4442 τοῖς
704 4368 852 4447 πολεμίοις
876 4366 1015 4447 ἐγένοντο,
1039 4366 1070 4431 τί
1090 4364 1174 4446 μένοι
1197 4363 1232 4430 ἂν
1245 4362 1333 4439 οὕτως
