3354 5268
751 661 791 722 53

214 843 398 926 illustretur,
422 849 452 908 et
479 846 547 927 ipse
571 843 714 909 Socrates
740 845 899 911 auditores
922 867 997 912 suos
1023 847 1072 911 lut
1094 852 1150 912 τῶν
1173 849 1331 926 ὁμολογου-

214 954 317 1032 μένων,
348 963 384 1021 ut
412 959 481 1042 ipse
512 960 564 1041 ait,
588 959 627 1022 ad
654 961 819 1025 veritatem
845 963 1094 1045 perspiciendam
1121 964 1274 1028 adducat:
1298 966 1332 1027 in

214 1076 352 1154 utroque
385 1074 470 1136 enim
505 1072 664 1137 scribendi
698 1093 813 1158 genere
848 1075 940 1139 facile
970 1080 1026 1158 est,
1059 1079 1333 1142 enumerationem

215 1185 355 1268 aliquam
391 1205 598 1270 cognoscere:
635 1206 821 1251 enumerare
855 1193 961 1253 autem
994 1209 1087 1254 nemo
1115 1195 1229 1273 potest,
1254 1194 1333 1275 quin

215 1299 358 1383 singulas
387 1306 492 1383 partes
522 1299 576 1363 fflo
609 1301 745 1384 quodam
770 1303 854 1364 inter
875 1321 910 1366 se
933 1304 1069 1367 vinciat:
1094 1305 1250 1388 particula
1273 1302 1333 1380 μήν

216 1411 342 1476 nullum
365 1414 470 1495 aptius
492 1413 526 1475 in
549 1412 605 1476 tali
627 1432 662 1477 re
685 1413 852 1476 vinculum
875 1433 953 1497 esse,
976 1435 1070 1479 nemo
1091 1435 1156 1479 non
1176 1415 1331 1480 videtin

216 1527 358 1590 oratione
380 1545 457 1590 vero
480 1527 684 1590 concitatiore
708 1564 750 1572 —
774 1531 810 1590 ut
833 1528 893 1591 hoc
914 1533 985 1592 utar
1005 1528 1153 1612 exemplo
1175 1550 1332 1613 -quum

213 1642 244 1703 is
267 1641 323 1723 qui
347 1640 444 1704 verba
466 1640 542 1703 facit
564 1642 612 1703 ira
635 1623 813 1704 commotus
833 1644 889 1722 est,
908 1660 973 1704 non
992 1641 1084 1705 facile
1107 1639 1333 1718 adrinvenies.

214 1753 277 1816 Sed
301 1753 339 1816 ab
363 1753 423 1816 hoc
447 1753 574 1836 quidem
597 1772 712 1836 genere
736 1751 915 1836 Xenophon
939 1754 1033 1836 plane
1057 1753 1222 1818 abhorret:
1244 1754 1332 1818 aliud

173 1934 175 1937 ,
214 1886 290 1950 ergo
325 1886 429 1951 genus
463 1867 680 1948 indicandum,
714 1865 771 1930 ubi
805 1865 865 1942 μήν
900 1866 950 1931 vel
981 1887 1051 1931 raro
1083 1868 1134 1932 vel
1165 1888 1333 1952 nunquam

214 1984 362 2064 ponatur,
394 1981 492 2063 idque
526 1980 672 2063 exemplo
707 1980 998 2043 demonstrandum.
1030 1979 1143 2064 Neque
1174 1982 1332 2065 estquod

215 2095 271 2157 diu
296 2113 496 2176 quaeramus.
520 2093 626 2177 Ipsius
649 2092 809 2166 Anabasis
831 2092 912 2157 liber
934 2098 1067 2177 quartus
1089 2096 1165 2159 satis
1186 2095 1332 2177 declarat,

217 2208 295 2290 quid
316 2208 430 2288 velim;
455 2227 496 2272 ex
520 2227 557 2272 eo
580 2209 665 2270 enim
690 2212 828 2291 apparet,
847 2207 1022 2290 simplicem
1043 2214 1331 2292 rerumgestarum

216 2323 438 2403 narrationem,
462 2341 543 2404 quae
573 2341 638 2384 non
662 2321 702 2384 ad
726 2321 865 2405 aliquam
890 2340 957 2385 rem
980 2323 1173 2405 propositam
1197 2322 1332 2406 proban-

215 2435 288 2498 dam
323 2435 386 2517 fiat‚
420 2456 439 2498 a
470 2434 624 2519 particula
653 2432 714 2510 μήν
744 2434 878 2498 alienam
912 2453 981 2498 esse
1011 2434 1132 2498 debere.
1157 2434 1334 2520 Nunquam

215 2567 289 2632 ergo
322 2551 488 2633 patiemur,
519 2548 657 2631 aliquem
687 2548 804 2610 librum
834 2553 962 2631 propter
992 2548 1164 2630 particulae
1187 2547 1246 2624 μήν
1270 2549 1333 2614 fre·

216 2665 378 2747 quentiam
413 2667 468 2726 aut
502 2683 521 2726 a
550 2661 764 2745 Xenophonte
795 2661 977 2743 abiudicari,
1002 2668 1056 2726 aut
1082 2664 1237 2726 senectuti
1261 2665 1331 2728 eius

216 2776 361 2858 adscribi,
385 2796 550 2859 nunquam
581 2781 708 2858 propter
731 2775 872 2838 eiusdem
897 2775 1070 2857 particulae
1093 2777 1253 2838 raritatem
1277 2777 1333 2838 ali-

217 2909 312 2974 quem
345 2888 461 2952 librum
493 2909 512 2951 a
537 2890 654 2952 iuvene
677 2887 890 2971 Xenophonte
913 2889 1068 2971 scriptum
1092 2888 1266 2952 credemus
1292 2888 1334 2952 Et

215 3005 286 3066 iure
309 3021 360 3065 me
381 3003 426 3064 ita
449 3020 577 3065 censere
596 3038 638 3047 —
658 3005 695 3064 ut
714 3001 841 3064 tandem
855 3000 1025 3084 aliquando
1039 3002 1112 3063 huic
1126 3001 1333 3085 disputationi

215 3116 310 3180 finem
334 3116 444 3178 faciam
472 3151 512 3160 -
535 3133 600 3178 uno
625 3103 815 3197 argumento
836 3133 886 3177 me
911 3113 1004 3177 credo
1025 3116 1119 3178 etiam
1140 3115 1186 3177 illi
1200 3115 1334 3198 probare

216 3248 318 3314 posse,
350 3230 406 3311 qui
439 3229 554 3308 omnia,
585 3246 667 3310 quae
692 3228 860 3309 hucusque
883 3227 959 3308 dixi,
983 3233 1165 3291 contemnat
1187 3234 1218 3292 et
1242 3230 1334 3292 nihili

216 3342 316 3405 faciat.
347 3339 488 3404 Laudem
518 3339 660 3423 Agesilai
690 3338 769 3402 falso
793 3338 1000 3422 Xenophonti
1023 3339 1129 3422 tribui,
1153 3360 1245 3404 nemo
1268 3342 1334 3406 fere

218 3461 273 3535 est,
294 3457 352 3538 qui
370 3458 479 3538 neget:
494 3455 602 3516 multis
615 3455 700 3516 enim
713 3455 909 3536 argumentis
922 3452 961 3516 ab
974 3472 1011 3517 eo
1024 3453 1198 3517 abiudicari
1210 3461 1333 3538 potest:

216 3570 279 3634 illis
309 3575 424 3650 autem,
457 3574 492 3631 ut
521 3568 599 3630 mihi
627 3567 809 3650 persuadeo,
833 3587 1000 3650 nunquam
1025 3568 1057 3630 id
1082 3569 1196 3632 addere
1219 3569 1334 3652 licebit,

219 3685 302 3768 quod
324 3663 488 3766 Roqnetiii
511 3682 619 3746 tabula
642 3680 792 3765 praebere
817 3682 948 3745 videtur.

262 3798 374 3862 Brevis
404 3799 465 3860 iste
496 3795 624 3859 libellus
656 3796 710 3876 (24
741 3795 928 3878 paginarum
953 3800 1011 3876 est)
1039 3797 1250 3880 quinquagies
1274 3795 1334 3871 μήν

219 3910 327 3975 habet:
361 3912 522 3993 ingentem
555 3927 628 3971 eum
661 3927 832 3971 numerum
866 3908 969 3986 dices,
1003 3907 1074 3969 36⁰⁵
1096 3908 1250 3991 particula
1273 3907 1333 3984 μήν

218 4024 389 4109 particulae
412 4047 448 4098 γε
471 4023 619 4087 adiuncta
642 4029 705 4086 est:
730 4023 825 4086 etiam
849 4023 949 4104 magis
970 4022 1028 4084 hoc
1050 4041 1334 4085 numerocommo-

218 4137 349 4201 veheris,
379 4136 511 4200 Minime
542 4143 647 4200 tamen
680 4155 717 4199 eo
751 4137 849 4198 uteris
873 4141 1060 4218 argumento
1085 4135 1122 4198 ad
1148 4135 1334 4218 Agesilaum

218 4250 422 4333 Xenophonti
443 4250 701 4330 abiudicandum,
725 4250 752 4312 si
773 4267 896 4312 mecum
918 4248 977 4311 hoe
995 4247 1171 4331 reputabis:
1193 4251 1228 4311 in
1247 4250 1334 4312 Ana-

218 4364 288 4431 basi
311 4365 440 4427 omnino
463 4364 523 4450 μήν
545 4383 653 4434 rarum
677 4367 740 4446 θεὴ
763 4363 962 4425 rarissimum
981 4383 1017 4443 γε
1037 4358 1105 4446 μήν,
1124 4362 1228 4429 sexies
1248 4364 1333 4429 enim
