3348 5262
860 590 924 654 292

328 798 435 848 carrae
464 771 579 856 ὕστερον
609 773 742 854 εὑρήσετε
771 777 860 856 σφοῖς
886 773 992 849 αὐτοὺς
1015 772 1225 856 ἡμαρτηκότας
1249 774 1291 839 τοὶ
1312 773 1456 855 μέγιστα,

327 908 386 973 pro
409 885 491 966 ὑμᾶς
518 886 636 960 αὐτούς.
660 888 749 953 Num
774 893 884 954 tamen
907 890 963 953 iila
987 888 1210 954 observatione
1231 889 1324 954 iocus
1347 894 1456 955 noster

330 1003 408 1067 satis
430 1002 618 1085 illustretur,
642 1002 693 1067 vel
717 1021 835 1067 sanum
858 1003 894 1067 in
913 1021 950 1068 eo
969 1021 1040 1068 esse
1060 1021 1192 1068 sensum
1206 1003 1455 1086 demonstretur,

329 1116 538 1181 vehementer
573 1115 693 1180 dubito.
729 1115 793 1180 Fac
824 1118 912 1180 enim
943 1115 1215 1200 Euryptolemum
1247 1118 1309 1181 hoc
1334 1117 1455 1182 dicere:

333 1229 499 1314 „Servata
528 1230 754 1312 Athenienses,
784 1229 880 1314 leges,
910 1249 992 1313 qnae
1021 1235 1146 1294 vestrae
1176 1231 1322 1314 ipsorum
1349 1229 1457 1313 sunt’',

330 1343 409 1427 quid
453 1361 491 1407 ea
527 1343 747 1408 adhortatione
783 1343 927 1407 voluisse
962 1343 1143 1407 censendus
1176 1342 1248 1407 est?
1284 1343 1339 1406 An
1374 1343 1456 1406 nihil

329 1460 455 1540 praeter
477 1457 555 1520 hoc:
584 1459 727 1537 ,vestras
750 1457 895 1539 ipsorum
921 1456 1008 1540 leges
1033 1455 1202 1520 servate’'?
1226 1455 1271 1520 At
1293 1456 1326 1519 id
1345 1455 1456 1520 Xeno-

329 1570 417 1653 phon
453 1569 541 1632 haud
576 1567 674 1633 dubie
708 1570 753 1632 ita
784 1569 998 1633 enuntiasset:
1031 1566 1097 1639 τοὺς
1129 1565 1282 1648 ὑμετέρους
1314 1570 1366 1636 vel
1389 1565 1456 1640 τοὺς

329 1680 414 1754 ἰδίους
445 1680 548 1758 νόμους
577 1678 791 1762 Φυλαττουτες.
824 1681 878 1745 An
909 1700 984 1745 cum
1009 1681 1201 1747 Schneidero
1225 1681 1323 1747 verba
1345 1681 1456 1745 ἑαυτῶν

329 1791 416 1865 ὄντας
439 1792 506 1865 τοὺς
530 1792 633 1871 νόμους
656 1796 700 1859 ita
724 1799 907 1860 vertemus:
935 1800 1076 1876 ,vestras
1102 1796 1250 1879 ipsorum
1275 1796 1361 1880 leges
1385 1799 1456 1860 eta

329 1906 492 1972 vobismet
531 1908 620 1991 latas,
653 1926 719 1970 non
752 1908 921 1991 impositas
955 1906 1184 1972 nolentibus''?
1219 1908 1291 1973 Hoc
1325 1927 1457 1993 quoque

330 2020 459 2084 credere
482 2040 548 2085 non
571 2038 704 2104 possum
729 2018 978 2104 Xenophontem
999 2020 1106 2085 verbis
1125 2020 1236 2084 ἑαυτῶν
1255 2018 1343 2092 ὄντας
1356 2023 1456 2106 signi-

329 2132 458 2214 ficasse;
492 2134 607 2218 opinor
638 2152 714 2198 eum
746 2153 804 2217 pro
834 2133 898 2198 illis
931 2135 1127 2217 scripturum
1151 2134 1270 2200 fnisse:
1296 2130 1344 2206 οὓς
1367 2132 1455 2198 αὐτοὶ

327 2241 430 2309 ἔθεσθε.
455 2246 590 2311 Accedit
610 2245 672 2310 hoe
697 2265 837 2329 quoqne,
860 2246 949 2330 quod
972 2247 1138 2324 sententia,
1162 2266 1261 2330 quam
1285 2249 1390 2329 citavi,
1409 2249 1456 2312 ita

329 2364 378 2424 est
407 2359 615 2443 conformata,
649 2363 685 2423 ut
714 2360 886 2424 relativum
919 2358 956 2422 δι’
988 2355 1035 2431 οὕς
1062 2366 1128 2423 hon
1159 2360 1200 2424 ad
1231 2361 1334 2438 νόμους
1357 2363 1456 2446 perti-

328 2477 412 2556 neat,
447 2473 503 2537 sed
539 2493 615 2537 cnm
651 2474 843 2556 pronomine
878 2471 989 2536 ἑαυτῶν
1017 2473 1218 2556 iungendum
1247 2475 1296 2538 sit.
1320 2473 1355 2538 Si
1380 2477 1457 2558 quis

329 2587 417 2650 enim
449 2586 533 2649 inter
563 2604 598 2649 se
628 2586 686 2649 has
719 2585 894 2650 sententias
925 2586 1175 2668 comparaverit:
1205 2583 1273 2657 τοὺς
1305 2569 1361 2649 vcia
1385 2609 1456 2667 τρο-

326 2696 416 2776 γόυαυ
447 2701 550 2777 νόμους
581 2697 617 2761 δι’
649 2693 695 2770 οὓς
726 2694 864 2776 μάλιστα
891 2695 1029 2775 μέγιστοί
1049 2698 1116 2761 ἕστε
1137 2695 1299 2779 Φυλαξατε
1322 2703 1370 2764 et:
1396 2703 1455 2764 τῶν

327 2810 470 2893 προγόνων
512 2809 599 2883 ὄντας
640 2809 707 2884 τοὺς
746 2808 850 2888 νόμους
891 2809 927 2874 δι’
961 2806 1009 2884 οὓς
1043 2808 1181 2888 μάλιστα
1216 2810 1355 2890 μέγιστοί
1386 2813 1456 2878 ε’ττε

326 2925 420 2990 facile
449 2924 579 3008 videbit,
611 2925 689 3008 quid
722 2925 805 2990 inter
838 2943 891 2988 eas
922 2925 1055 2988 intersit.
1080 2924 1140 2988 Illa
1163 2926 1250 2990 enim
1275 2925 1454 3010 significat:

332 3040 522 3121 „maiorum
555 3044 737 3103 vestrorum
777 3039 873 3122 leges,
909 3057 992 3122 quae
1026 3058 1084 3104 vos
1117 3039 1157 3103 ad
1192 3041 1253 3103 hoc
1285 3039 1455 3125 fastigium

328 3152 503 3237 duxerunt,
525 3152 679 3235 servate'',
703 3154 796 3217 haec:
825 3152 937 3237 „leges
957 3158 1091 3235 servate,
1111 3154 1265 3237 quoniam
1286 3157 1453 3221 maiorum

327 3269 509 3330 vestrorum
542 3269 627 3349 sunt,
659 3267 716 3349 qui
746 3269 870 3330 vestrae
896 3265 1056 3330 felicitatis
1080 3272 1158 3331 sunt
1180 3266 1358 3332 auctores'’.
1380 3268 1452 3332 iam

328 3381 406 3444 satis
441 3398 515 3464 ergo
551 3383 680 3464 apparet
711 3383 817 3443 totum
843 3379 931 3443 istud
953 3378 1062 3442 ἑαυτῶν
1085 3377 1172 3452 ὄντας
1195 3378 1263 3452 τοὺς
1287 3378 1391 3458 νόμους
1415 3380 1453 3444 δι’

327 3487 462 3564 οὓς....
506 3512 603 3557 sensu
646 3511 778 3557 cassum
819 3511 897 3558 esse.
940 3491 1025 3568 Quid
1059 3512 1134 3578 ergo
1170 3497 1218 3557 est
1251 3493 1453 3577 legendum?

326 3603 469 3690 Nempe:
494 3601 574 3677 ὄντες
594 3624 652 3688 pro
676 3602 772 3678 ὄντας,
798 3609 835 3668 nt
857 3605 918 3668 hoc
938 3605 1021 3669 dicat
1038 3605 1311 3689 Enryptolemns:
1334 3609 1455 3688 „vestri

325 3719 406 3783 iuris
430 3723 530 3784 estote
553 3717 790 3784 Athenienses''
813 3719 833 3781 i.
846 3737 871 3782 e.
892 3724 999 3783 vestro
1017 3720 1163 3802 ipsorum
1179 3720 1309 3783 utimini
1319 3721 1453 3804 iudicio,

325 3831 423 3897 nolite
458 3834 492 3896 in
526 3832 625 3897 verba
660 3837 841 3898 vestrorum
874 3835 1045 3913 προστατῶν
1073 3834 1189 3916 iurare,
1212 3833 1312 3897 nolite
1336 3853 1451 3898 aurem

324 3945 474 4029 praebere
504 3947 635 4010 illorum
668 3945 852 4028 calumniis,
884 3948 940 4030 qni
970 3966 1028 4011 vos
1051 3948 1205 4031 instigare
1229 3951 1261 4011 et
1283 3947 1454 4013 stimulare

324 4064 489 4144 conantur,
516 4061 561 4124 ita
593 4064 630 4124 ut
652 4061 803 4123 animum
826 4063 972 4123 vestrum
997 4078 1108 4144 regere
1131 4060 1197 4123 iam
1222 4078 1288 4123 non
1312 4061 1453 4145 possitis,

325 4171 381 4235 sed
411 4172 477 4237 irae
509 4178 633 4238 vestrae
657 4173 858 4252 inserviatis3
887 4177 953 4256 ,et,
978 4178 1014 4237 ut
1036 4171 1154 4236 liberos
1178 4172 1326 4236 homines
1350 4173 1452 4257 decet,

279 4265 282 4274 ’
327 4290 451 4350 servate
472 4287 560 4372 leges
584 4285 735 4351 vestras’'.
759 4284 974 4370 Opponuntnr
996 4288 1084 4352 enim
1103 4288 1187 4352 inter
1208 4305 1242 4350 se
1262 4285 1365 4349 ἑαυτοῦ
1378 4279 1452 4351 εἶναι
