3352 5260
743 599 806 661 165

216 784 372 849 vocabula
401 781 502 847 ταντα
525 789 557 848 et
578 786 693 858 ταῦτα;
717 786 760 848 ita
784 787 869 849 enim
893 804 911 849 e
935 786 1060 850 duabus
1083 788 1249 854 sententiis
1274 808 1341 852 una

215 896 279 980 fiet,
302 896 569 981 respondebitque
592 897 814 962 Aristarchus:
837 895 953 978 opobpa
976 896 1088 975 γεκαὶ
1112 903 1213 968 ταῦτα
1236 897 1338 963 πάντα

217 1011 372 1091 χρησιμαε
396 1011 567 1075 utilissima
590 1016 622 1074 et
642 1010 698 1074 illa
720 1016 797 1074 sunt
820 1013 935 1075 omnia.
1130 1077 1133 1082 ,

260 1123 362 1208 Caput
384 1123 474 1206 VHI,
499 1127 528 1187 3.
550 1121 740 1203 προςελθόντα
762 1147 803 1204 τῳ
826 1127 882 1186 τῶν
901 1123 1021 1188 πλείονα
1041 1123 1189 1205 χρήματα
1202 1123 1339 1205 ἐχόντων,

214 1236 254 1315 τῷ
278 1235 402 1316 δεομένῳ
426 1239 477 1299 τοῦ
498 1234 800 1314 συνεπιμελησομένου
813 1283 821 1298 .
836 1283 843 1299 .
857 1283 885 1298 ..
910 1238 1084 1316 ὠφελοῦνται
1095 1239 1337 1322 ἀντωφελεῖσθαι.

214 1351 312 1415 Haud
346 1350 443 1414 dubie
476 1351 629 1414 articulus
663 1350 703 1430 τῷ
735 1351 890 1415 delendus
920 1357 977 1433 est,
1001 1372 1075 1415 nam
1100 1372 1165 1418 non
1188 1353 1227 1420 de
1252 1357 1338 1417 certo

216 1465 354 1548 quodam
377 1464 506 1528 homine
530 1483 632 1543 sermo
656 1469 712 1538 est,
734 1483 848 1528 verum
872 1464 911 1528 de
934 1470 1085 1548 tempore,
1105 1485 1168 1549 quo
1190 1466 1337 1530 homines

217 1579 330 1643 divites
354 1578 494 1642 adeundi
518 1583 602 1660 sunt,
625 1579 730 1662 iisque
752 1579 913 1642 auxilium
937 1583 985 1642 est
1008 1578 1184 1644 ferendum.

260 1693 288 1755 6.
312 1690 443 1755 acircio
467 1691 522 1769 μὲν
545 1690 732 1773 πραγμάτων
756 1689 811 1756 ὅσα
835 1691 890 1769 μὲν
914 1690 1037 1757 δύνασαι
1060 1699 1151 1757 ποιεῖν
1174 1690 1337 1770 ὑπομένειν,

214 1802 269 1868 ὅσα
293 1803 323 1868 δὲ
346 1803 390 1880 μη
413 1803 536 1868 δύνασαι
558 1803 774 1884 φνλάττεσθαι.
798 1805 952 1870 Absurde
975 1807 1051 1870 haec
1075 1812 1159 1871 sunt.
1181 1807 1339 1889 Transpo-

213 1924 332 1982 uantur
354 1917 453 1982 verba
475 1923 565 1981 ποιεῖν
588 1925 619 1982 et
638 1915 807 1995 ὑπσμένεινῑ
831 1938 896 1981 non
917 1921 1003 1982 enim
1016 1917 1113 2001 labor,
1128 1918 1339 2003 quemfacere

215 2033 328 2115 poesie,
351 2031 561 2096 sustinendus
584 2036 640 2105 est,
663 2050 778 2095 verum
802 2032 968 2097 faciendus
993 2051 1089 2116 quem
1111 2034 1216 2117 possis
1240 2033 1337 2096 susti·

212 2162 295 2207 nere.
330 2142 527 2226 Frequenter
558 2143 618 2207 hoc
648 2144 845 2208 confusionis
878 2146 991 2220 vitium
1015 2146 1050 2208 in
1073 2143 1335 2209 Memorabilibus

215 2275 382 2320 occurrere
407 2256 599 2321 Schenklius
623 2277 753 2342 quoque
776 2257 965 2322 observavit.

257 2366 359 2453 Caput
381 2368 440 2450 IX,
466 2369 493 2432 6.
518 2369 568 2432 οὐκ
589 2369 802 2443 απηλλαττετο
825 2368 877 2442 ἕως
900 2371 949 2434 τὸν
970 2368 1096 2450 Κρίτωνα
1115 2371 1226 2450 ἀφῆκε.
1240 2369 1338 2435 Haud

212 2483 337 2564 inutile,
358 2488 395 2546 ut
419 2484 539 2566 opinor,
558 2484 618 2547 erit
638 2484 797 2567 duplicem
818 2485 1054 2548 coniunctionis
1066 2480 1118 2554 ἕως
1130 2484 1337 2569 praecedente

211 2597 378 2680 negatione
410 2601 605 2660 structuram
636 2597 785 2686 indicare.
815 2597 968 2680 Eandem,
992 2617 1089 2680 quam
1114 2598 1174 2679 hic,
1197 2599 1335 2682 reperies

211 2710 270 2791 HI,
302 2710 353 2792 ll,
383 2710 441 2772 14:
473 2709 497 2772 εἰ
519 2715 581 2780 τοῖς
604 2707 815 2789 κεκορεσμένοις
838 2707 917 2786 μήτε
938 2707 1104 2790 προσφέροις
1127 2709 1206 2788 μήτε
1226 2709 1335 2787 ὑπομι-

212 2821 361 2899 μνησκοις,
389 2820 441 2895 ἕως
463 2821 499 2886 ἂν
521 2829 576 2895 της
600 2828 774 2899 πλησμονῆς
796 2822 980 2900 παυσάμενοι
1003 2819 1095 2885 ποέλιν
1118 2820 1247 2886 δέωνται.
1273 2822 1335 2887 Sed

212 2938 400 3000 contrariam
432 2955 458 3000 e.
481 2957 529 3021 gr.
551 2936 643 3001 Plato
670 2936 746 3019 Rep.
770 2935 803 2998 I:
828 2933 1077 3008 abadruentia
1100 2973 1142 2982 -
1165 2932 1217 3008 ἕως
1240 2933 1276 2999 ἔον
1300 2959 1335 2999 σε

211 3048 416 3127 ὑπολαμβάνω
439 3047 535 3126 λέγειν
558 3045 631 3128 σ’έπερ
655 3048 770 3112 διανοεῖ.

258 3164 286 3225 8.
320 3160 369 3224 καὶ
401 3163 461 3241 οὐχ
494 3158 536 3224 ὅτι
571 3159 657 3238 μόνος
690 3161 704 3223 o‘
736 3160 841 3241 Κρίτων
872 3161 901 3224 ἐν
933 3160 1046 3244 ἡσυχία
1077 3156 1118 3234 ἦν.
1144 3162 1335 3228 Rectissime

209 3274 366 3340 Emestus
388 3271 430 3337 ὅτι
454 3275 679 3359 expellendum
705 3293 775 3338 esse
797 3274 959 3338 iudicavit.

637 3850 812 3915 LIBER
846 3851 904 3914 HI.

252 4059 354 4143 Caput
384 4059 410 4134 I,
440 4062 470 4123 8.
493 4058 695 4145 comparavit
717 4059 863 4125 Socrates
887 4062 1067 4125 exercitum
1090 4059 1171 4124 bene
1193 4041 1331 4123 instruc-

207 4178 276 4238 tum
312 4193 386 4236 cum
422 4173 516 4236 domo
551 4179 635 4238 recte
669 4179 701 4237 ot
732 4193 773 4238 ex
804 4175 882 4236 artis
905 4172 1030 4256 legibus
1054 4172 1226 4238 aedificata.
1249 4171 1331 4235 Tum

210 4287 347 4369 iuvenis,
379 4304 518 4368 quocum
548 4287 757 4372 colloquitur:
789 4283 872 4349 αλλοὶ
903 4282 982 4348 πάνυ
1004 4282 1108 4363 ὅμοιον,
1133 4279 1154 4346 ὦ
1178 4283 1331 4365 Σώκρατες
