3354 5268
750 629 789 692 31

209 813 310 876 Areas
332 811 535 893 Eurylochus
559 832 577 875 a
599 814 693 877 novis
717 811 853 876 ducibus
872 813 1012 896 postulat
1031 816 1236 892 τοῦτοπρῶτον
1249 813 1331 891 ἡμῶν

210 929 423 1004 στρατηγῆσαι,
454 923 535 1004 τοοροὶ
566 923 672 988 Σεύθου
696 925 768 1000 ἡμῖν
791 925 840 987 τὸν
864 925 964 1000 μισθὸν
987 921 1157 1005 οὲνοοτροῖξοοο
1179 923 1195 998 ἢ
1221 924 1333 998 ἑκόντος

210 1034 379 1109 ἢᾶκοντος,
403 1033 454 1099 axi
479 1035 521 1112 pli
546 1034 675 1116 προτερον
699 1037 782 1113 ἡμᾶς
804 1036 988 1113 οέτοογοογεῖν.

255 1149 552 1214 Manifestissimum
567 1169 640 1212 vero
653 1148 901 1232 deprehenditur
908 1150 1049 1214 Arcades
1062 1150 1247 1234 exagitandi
1259 1169 1333 1214 con-

211 1262 317 1325 silinm
337 1261 410 1343 Vll,
431 1262 461 1343 6,
481 1264 511 1343 8,
530 1260 587 1325 ubi
605 1263 640 1324 in
659 1261 796 1324 militurn
811 1263 966 1342 contione,
978 1267 1149 1344 postquam
1160 1261 1332 1326 Thibronis

210 1375 387 1458 legatorum
413 1374 551 1439 conditio
576 1373 730 1438 militibus
752 1375 897 1436 nuntiate
916 1380 964 1439 est
984 1373 1008 1437 oi
1026 1377 1202 1446 στροοτοῶτοοο
1215 1372 1337 1451 ἄσμενοί

210 1511 244 1549 τε
265 1485 402 1559 ἤκονσοον,
426 1484 477 1549 aa)
501 1486 584 1558 εὐθὺς
603 1486 763 1550 οὶνίστοιτοοί
780 1509 825 1558 τις
844 1490 901 1550 τῶν
919 1486 1069 1567 Ἀρκοέδοον
1089 1491 1141 1551 τοῦ
1154 1492 1335 1567 Ξενοφῶντος

210 1597 425 1679 κατηγορήσων.

257 1713 285 1775 3.
307 1711 437 1775 Nemini
460 1714 591 1794 ignotus
615 1717 664 1775 est
685 1712 777 1774 locus
801 1730 843 1775 ex
866 1711 1008 1776 Historia
1033 1711 1153 1776 Graeca
1176 1712 1335 1795 111,1,2,

211 1822 267 1886 ubi
289 1823 549 1906 Themistogenes
574 1824 690 1887 dicitur
713 1825 887 1907 scripsisse,
912 1844 976 1907 qno
1001 1824 1094 1888 modo
1119 1824 1223 1905 Cyrus
1244 1844 1335 1889 exer-

211 1937 310 1999 citum
346 1935 516 2019 collegerit,
550 1955 622 1999 curn
659 1955 696 1999 eo
731 1939 875 2001 exercitu
910 1937 950 2000 ad
982 1936 1102 2000 bellum
1135 1956 1209 2000 cum
1240 1937 1336 2001 fratre

210 2046 388 2130 gerendum
413 2049 455 2111 sit
477 2047 648 2130 profectus,
672 2067 736 2130 quo
761 2049 854 2112 modo
878 2049 1033 2132 proelium
1059 2050 1100 2112 sit
1120 2050 1337 2131 commissum,

211 2166 372 2244 postremo
396 2179 460 2243 quo
483 2161 578 2224 modo
603 2160 714 2224 Graeci
737 2161 819 2224 salvi
842 2161 882 2224 ad
903 2181 988 2224 mare
1008 2163 1218 2244 pervenerint.
1232 2159 1334 2236 Quam

212 2272 422 2336 brevissimus
447 2273 486 2336 de
509 2291 546 2336 eo
569 2273 638 2336 loco
663 2291 732 2336 esse
755 2273 902 2350 conabor,
925 2293 965 2337 ne
984 2274 1057 2356 plus
1078 2293 1173 2356 quam
1195 2293 1276 2356 opus
1289 2279 1337 2338 est

212 2405 344 2469 augeam
377 2389 540 2470 ingentem
571 2406 742 2450 numerum
775 2389 974 2470 paginarum,
1005 2406 1087 2469 quae
1110 2387 1173 2449 iam
1198 2387 1236 2450 de
1257 2386 1336 2450 The-

212 2501 389 2582 mistogene
422 2505 498 2563 sunt
529 2501 734 2582 conscriptae,
766 2506 797 2563 et
825 2502 965 2584 primurn
997 2500 1100 2563 dicem
1125 2500 1204 2562 mihi
1226 2498 1335 2563 fictum

212 2631 329 2676 nornen
355 2611 463 2676 videri.
488 2611 630 2676 Affertur
655 2612 785 2695 quidem
808 2613 899 2676 locus
922 2632 964 2676 ex
987 2611 1094 2694 Suida,
1118 2611 1174 2675 ubi
1193 2611 1335 2676 Themis-

212 2731 344 2809 togenes
365 2725 481 2788 dicitur
500 2726 665 2808 scripsisse
686 2722 775 2804 Κύρου
794 2723 943 2800 οὶνοὲβοοσον
962 2721 1025 2796 ἥτις
1042 2725 1071 2788 ἔν
1082 2730 1141 2794 τοῖς
1155 2727 1335 2802 Ξενοφῶντος

212 2837 332 2918 φέρετον
362 2836 413 2901 aa}
445 2837 528 2901 ἄλλοι
559 2837 624 2900 τονοὶ
647 2836 710 2917 περὶ
735 2845 797 2910 τῆς
812 2837 916 2901 ἕοοντοῦ
940 2837 1091 2917 τοοτρίδος,
1117 2838 1174 2900 sed
1197 2839 1334 2900 nimium

214 2952 292 3014 mihi
317 2953 468 3015 videntur
490 2951 608 3015 Suidae
631 2949 771 3014 tribuere
795 2952 855 3012 viri
878 2951 971 3031 docti,
997 2951 1053 3033 qui
1075 2951 1115 3012 iis
1139 2949 1245 3012 verbis
1265 2949 1337 3012 freti

211 3064 486 3147 Themistogenem
522 3082 632 3127 revera
664 3064 826 3126 exstitisse
857 3061 1023 3125 affirmant.
1047 3060 1206 3144 Equidem
1232 3061 1334 3124 multo

214 3175 379 3240 lubentius
413 3175 538 3239 credam
577 3174 719 3256 Suidam,
755 3194 818 3258 quo
854 3193 947 3238 nemo
978 3179 1026 3238 est
1055 3174 1335 3257 grammaticorum

214 3291 359 3372 ineptior,
391 3288 430 3352 de
452 3287 694 3371 Themistogene
719 3288 842 3371 aliquid
866 3293 1018 3351 annotare
1042 3287 1191 3368 voluisse,
1214 3292 1338 3370 praeter

214 3404 247 3467 id
273 3403 358 3486 quod
383 3401 533 3465 omnibus
557 3406 669 3465 notum
694 3407 788 3482 esset,
810 3401 865 3465 sed
888 3420 989 3484 quum
1013 3419 1054 3464 ex
1073 3400 1163 3464 nullo
1185 3401 1337 3484 scriptore

216 3515 393 3599 quidquam
428 3515 596 3597 cognitum,
628 3512 764 3588 haberet,
796 3513 835 3576 de
866 3531 925 3576 suo
957 3512 991 3574 id
1021 3518 1236 3576 commentum
1262 3529 1341 3591 esse,

216 3627 303 3712 quod
325 3628 429 3691 cuivis
453 3628 486 3689 in
509 3632 648 3690 mentem
669 3627 779 3689 venire
799 3630 914 3708 posset.
937 3623 1022 3699 Quid
1041 3627 1126 3689 enim
1145 3624 1271 3688 facilius
1292 3629 1341 3687 est

217 3761 323 3825 quam,
347 3760 449 3823 quum
473 3739 512 3803 de
534 3739 686 3802 historico
707 3738 824 3820 aliquo,
845 3739 938 3800 ouius
958 3736 1005 3798 nil
1023 3737 1086 3799 nisi
1106 3755 1222 3799 nomen
1243 3737 1341 3817 noris,

217 3855 338 3939 aliquid
373 3853 543 3918 dicendum
578 3858 634 3934 est,
664 3870 737 3915 eum
765 3849 948 3931 „nonnulla
971 3850 1010 3913 de
1032 3850 1152 3932 patriae
1175 3867 1252 3912 suae
1276 3848 1339 3912 his-

217 3971 298 4033 toria
331 3964 580 4050 conscripsisse''
615 3965 780 4028 coniicere.
815 3962 878 4026 Sed
911 3962 1008 4025 fuerit
1042 3979 1118 4024 sane
1149 3960 1224 4024 olirn
1256 3961 1340 4023 inter

218 4083 386 4146 historicos
410 4079 539 4164 quidam
564 4078 823 4160 Themistogenes
846 4075 986 4155 nomine,
1009 4093 1086 4137 num
1111 4091 1148 4136 eo
1172 4072 1208 4136 fit
1226 4072 1340 4156 proba·

218 4196 291 4276 bile,
313 4194 406 4258 illurn
431 4192 507 4274 Cyri
529 4191 764 4275 expeditionem
790 4188 965 4271 scripsisse,
988 4204 1122 4270 eamque
1141 4192 1250 4249 nostro
1270 4185 1339 4248 loco

219 4329 239 4372 a
260 4308 475 4391 Xenophonte
497 4305 610 4368 citari?
634 4303 684 4366 Ita
707 4301 836 4387 quidem
860 4300 983 4364 iudicat
1004 4298 1115 4362 Morus
1138 4299 1183 4380 (in
1201 4299 1340 4363 editione
