3330 5262
742 616 806 677 329

214 803 278 861 tam
308 797 544 880 absurdumque
574 796 712 861 addunt:
737 798 930 882 persuadent
954 800 1039 862 enim
1064 799 1134 882 sibi,
1158 799 1209 863 vel
1232 801 1339 882 potius

215 913 384 993 somniant,
418 909 553 975 verbum
586 907 728 987 χαλεύειν
761 930 826 975 non
861 929 931 975 esse
961 910 1111 974 οἱααιῑαια
1140 932 1205 976 esse
1226 931 1339 975 verum

214 1023 363 1088 claudum
382 1023 461 1102 fieri.
486 1022 547 1087 Sed
572 1024 648 1106 quid
669 1022 777 1087 verbis
796 1043 876 1106 opus
897 1029 953 1087 est
975 1022 1055 1099 Quis
1068 1026 1151 1087 enim
1165 1043 1230 1087 non
1244 1025 1341 1106 videt,

216 1140 340 1219 praeter
370 1154 443 1199 eum
476 1137 533 1218 qui
565 1136 672 1198 videre
704 1136 792 1217 nolit,
814 1136 875 1199 hoe
897 1134 1041 1219 Diopithi
1064 1137 1254 1220 respondere
1277 1136 1341 1217 Ly·

218 1249 390 1312 sandrum:
425 1245 553 1329 „zarda
583 1249 620 1310 in
650 1249 711 1312 isto
735 1249 864 1312 oraculo
886 1268 952 1311 non
976 1253 1024 1312 est
1045 1246 1260 1328 προσπταίσας,
1285 1249 1341 1312 sad

215 1362 265 1424 οὐκ
288 1358 325 1423 ὢν
346 1365 397 1424 τοῦ
420 1357 530 1437 γένους.
555 1360 627 1424 Non
652 1361 831 1425 cavendum
851 1367 900 1425 est
919 1361 958 1424 ab
978 1381 1025 1443 en,
1045 1363 1099 1424 aui
1118 1360 1231 1424 infelix
1245 1381 1339 1425 nasus

215 1475 350 1538 alterum
374 1473 487 1557 pedem
510 1472 696 1555 debilitavit,
720 1473 776 1537 sed
799 1473 838 1536 ab
859 1492 906 1556 eu,
928 1475 985 1556 qui
1004 1492 1069 1536 non
1090 1479 1139 1537 est
1158 1478 1246 1556 patre
1265 1491 1339 1556 rege

216 1586 358 1650 natus''?
380 1586 419 1648 In
442 1588 483 1650 iis
509 1604 648 1668 quoque,
672 1605 755 1669 quae
778 1591 970 1668 sequuntur,
992 1586 1107 1648 vitium
1131 1585 1209 1648 mihi
1232 1584 1342 1667 depre-

217 1698 368 1763 hendisse
398 1698 516 1763 videor.
544 1697 618 1761 Non
643 1699 728 1762 enim
752 1699 925 1781 legendum
949 1716 1018 1761 esse
1040 1703 1117 1781 puto
1141 1693 1227 1759 ὁπότε
1250 1694 1294 1773 αῖς
1318 1695 1343 1759 οἱ

215 1807 274 1892 ἀφ’
311 1808 487 1890 Ἡρακλέους
517 1815 571 1882 τῆς
601 1806 713 1880 πόλεως
743 1810 870 1886 ἡγοῖντο,
903 1829 1016 1873 verum
1047 1806 1133 1871 ὁπότε
1163 1804 1186 1871 οἱ
1214 1807 1257 1883 μὴ
1281 1807 1340 1887 ἀφ’

218 1921 395 2003 Ἡρακλέους
418 1929 472 1995 τῆς
496 1921 606 1994 πόλεως
630 1922 754 1999 ἡγοῖντο.

261 2037 320 2119 ΠΙ,
346 2037 373 2099 7.
393 2036 453 2099 Vir
477 2037 534 2119 qui
553 2034 727 2099 Oinadonis
747 2037 881 2099 consilia
900 2036 1028 2118 indicat,
1048 2039 1156 2098 narrat
1175 2035 1236 2117 ipsi
1249 2034 1342 2098 Oina-

220 2150 335 2213 donem
366 2154 562 2212 monstrasse
593 2151 681 2212 etin
704 2148 773 2212 foro
798 2154 829 2212 et
852 2150 886 2210 in
909 2150 971 2211 viis
995 2167 1131 2232 parvum
1155 2166 1225 2211 esse
1249 2147 1340 2231 Spar-

218 2265 378 2344 tiatarum,
408 2265 586 2326 maximum
618 2267 726 2326 autem
751 2267 928 2326 ceterorum
951 2261 1126 2324 incolarum
1152 2279 1341 2340 numerum3

219 2376 277 2438 hos
300 2379 407 2438 autem
428 2394 502 2438 eum
524 2374 645 2438 dixisse
665 2375 793 2456 amieos,
811 2374 885 2437 illos
904 2375 1051 2437 inimicos
1071 2392 1141 2437 asse
1161 2372 1341 2436 habendos:

218 2485 268 2550 καὶ
302 2484 360 2550 ὅσοι
393 2486 425 2550 δὲ
455 2487 484 2550 ἐν
514 2493 576 2558 τοῖς
606 2485 718 2566 χωρίοις
749 2489 942 2565 Σπαρτιατῶν
972 2483 1088 2564 τύχοιεν
1112 2482 1191 2557 ὄντες
1214 2482 1265 2548 ἕνα
1288 2483 1343 2561 μὲν

219 2598 357 2676 πολέμιον
380 2600 428 2663 τὸν
452 2597 605 2672 δεσπότην,
629 2595 816 2677 ξυμμάχους
839 2598 864 2662 δ’
890 2600 919 2662 ἐν
941 2596 1055 2678 ἓκοὶστῳ
1079 2595 1215 2667 πολλούς.
1236 2597 1344 2662 Verba

218 2711 266 2776 τὸν
289 2709 432 2785 δεσπόταν
455 2716 619 2795 tamquam
644 2713 759 2776 inutile
783 2712 1036 2775 additamentum
1061 2711 1253 2774 eiiciendum
1274 2729 1344 2773 esse

221 2824 361 2889 Oobetus
391 2825 479 2887 vidit.
509 2823 540 2887 N
544 2845 598 2888 um
631 2829 737 2888 tamen
767 2827 813 2888 sic
837 2829 923 2888 totus
946 2824 1037 2888 loeus
1060 2825 1096 2886 in
1118 2825 1277 2906 integrum
1303 2824 1345 2886 sit

222 2941 390 3002 restitutus
414 2937 534 3002 dubito.
560 2937 649 3014 Quae
668 2940 752 3002 enirn
773 2944 904 3020 restant,
922 2938 982 3001 hoe
1002 2936 1200 3020 significant:
1225 2940 1344 3018 „quot-

222 3057 300 3135 quot
330 3054 364 3114 in
395 3051 532 3135 singulis
559 3053 643 3134 agris
667 3057 757 3114 erant
780 3050 955 3133 Spartiatae
978 3069 1088 3114 eorum
1114 3068 1214 3112 unum
1238 3049 1345 3110 iuimi-

221 3184 295 3228 eum
327 3183 397 3228 esse
424 3163 557 3246 dicebat,
587 3170 708 3227 eeteros
739 3182 850 3227 omnes
881 3161 1030 3225 amieos’'
1053 3161 1236 3225 Verborum
1267 3161 1344 3224 ordo

223 3277 313 3341 aliter
347 3296 384 3340 ea
418 3277 501 3340 verti
533 3281 627 3339 vetat.
663 3276 708 3338 At
740 3277 776 3338 in
810 3275 946 3358 singulis
981 3276 1065 3358 agris
1101 3293 1187 3337 unus
1217 3279 1343 3336 tanturn

222 3390 329 3454 aderat
357 3389 520 3472 spartium,
544 3390 640 3452 ceteri
664 3407 774 3452 omnes
798 3390 921 3451 minare
945 3394 1035 3451 erant
1057 3390 1136 3452 iure.
1159 3387 1344 3451 Videndum

222 3522 297 3586 ergo
332 3504 415 3566 sitne
449 3504 543 3565 etiarn
577 3500 773 3564 vocabulum
804 3502 997 3580 Σπαρτιατῶν
1029 3501 1210 3564 delendum.
1242 3501 1280 3563 In
1305 3503 1345 3564 iis

224 3632 306 3697 quae
341 3619 524 3696 sequuntur
557 3615 697 3696 graviter
730 3616 895 3698 seripturis
927 3612 1024 3676 verba
1053 3615 1192 3696 imperiti
1224 3612 1347 3676 librarii

223 3730 443 3810 corruperunt.
473 3725 557 3789 Nam
588 3745 694 3809 neque
717 3727 747 3807 (ἓ
772 3727 802 3807 6)
826 3727 902 3790 ferri
924 3732 1029 3809 potest
1050 3721 1170 3803 ἔφασαν
1193 3727 1237 3805 (in
1260 3723 1346 3788 αὐτοὶ

224 3836 322 3914 μέντοι
351 3838 440 3899 ποῖσιν
464 3833 583 3916 ἔφασαν
606 3835 782 3920 συνειδέναι),
805 3857 913 3920 neque
937 3837 966 3917 (ἓ
992 3838 1021 3917 7)
1045 3833 1164 3914 ἔφασαν
1187 3835 1345 3913 λήψεσθαι.

223 3950 362 4014 Turbata
392 3969 522 4033 quoque
553 3951 630 4013 haee
653 3955 746 4014 sunt:
771 3949 795 4012 οἱ
817 3950 872 4025 μὲν
897 3948 989 4022 δήπου
1012 3946 1240 4025 συντεταγμένοι
1263 3949 1345 4025 ἡμῶν

224 4061 309 4126 αὐτοὶ
333 4062 394 4143 (Df.
417 4063 524 4144 αὐτῶν)
549 4061 667 4142 ἔφασαν
690 4086 727 4138 γε
749 4059 830 4125 ὅπλα
853 4061 1038 4137 martanda:
1063 4063 1236 4124 nonenim
1261 4067 1346 4125 recte

224 4179 309 4239 inter
342 4195 376 4240 se
411 4180 619 4260 opponuntur
652 4175 676 4238 οἱ
708 4174 937 4251 συντεταγμένοι
968 4179 999 4237 et
1029 4172 1042 4236 ὁ
1072 4171 1171 4251 ὄχλος.
1205 4172 1267 4237 Sed
1289 4174 1346 4237 illa

226 4290 332 4352 omnia
364 4307 457 4371 saepe
487 4289 550 4351 iam
579 4292 700 4366 tentata
730 4292 860 4371 tangere
891 4287 981 4350 nolo:
1015 4287 1075 4350 hoe
1106 4286 1176 4350 dieo
1200 4305 1251 4350 me
1273 4285 1345 4349 nut-
