3352 5260
889 649 930 710 90

300 833 304 842 ’
350 835 466 911 ἔπαθον,
489 834 554 900 ὅτον
577 833 658 907 δι’κνν
681 831 718 896 int
739 829 833 907 ἡξιόνν
857 829 1036 910 λαμβάνειν.
1060 832 1187 917 Optime
1206 834 1284 898 haee
1296 835 1476 900 Amesaeus

348 953 392 1016 ita
423 952 557 1015 vertisse
590 948 723 1013 dieitur:
759 946 865 1031 „quid
896 951 962 1011 tem
992 966 1089 1030 greve
1122 949 1210 1032 passi
1234 952 1352 1031 essent,
1375 953 1472 1013 uteo

352 1066 483 1129 nomine
505 1082 589 1144 eum,
611 1082 630 1126 a
653 1080 717 1145 quo
741 1061 851 1125 violati
874 1065 989 1144 essent,
1013 1060 1133 1124 iudioio
1156 1063 1305 1145 persequi
1318 1061 1478 1145 possent’'.

351 1178 511 1262 Equidem
534 1176 685 1241 Amaseei
708 1174 805 1239 verba
825 1175 977 1258 intelligo,
999 1175 1055 1240 sed
1078 1193 1142 1258 quo
1163 1175 1257 1239 modo
1278 1175 1333 1238 illa
1345 1174 1476 1240 Graecis

352 1291 543 1376 respondere
572 1290 636 1353 dioi
665 1289 799 1372 possint,
823 1307 887 1350 non
910 1287 1013 1351 video.
1038 1286 1208 1371 Nusquam
1233 1290 1320 1352 enim
1341 1287 1478 1353 verbum

352 1401 450 1479 ἀξιοῦν
479 1404 564 1468 idem
594 1402 679 1466 velet
705 1401 791 1484 quod
823 1398 970 1464 δύνασθαι.
1002 1400 1061 1466 Est
1091 1403 1178 1466 enim
1204 1421 1372 1485 „aequum
1395 1403 1480 1466 indi·

355 1516 456 1582 eare’'.
493 1515 574 1592 Quis
605 1533 681 1578 vero
713 1533 778 1578 non
810 1532 951 1597 aequum
975 1513 1095 1578 iudicet
1117 1533 1251 1597 poenam
1274 1520 1416 1599 repetere
1439 1515 1479 1579 ab

354 1631 454 1712 hoste,
477 1650 495 1694 a
518 1648 582 1712 quo
605 1629 759 1691 iniuriam
782 1627 961 1710 aooeperit?
984 1626 1179 1692 Persuasum
1202 1628 1280 1691 mihi
1301 1634 1349 1692 est
1370 1629 1478 1692 looum

354 1747 541 1827 corruptum
567 1760 645 1806 esse.

399 1855 491 1939 VIII,
519 1856 570 1918 21.
606 1854 709 1936 „lure
739 1853 912 1917 nonnullos
944 1857 1088 1918 vestrum
1121 1873 1213 1918 ame
1234 1859 1365 1938 propter
1387 1857 1478 1939 igna-

355 1971 441 2034 viam
473 1969 773 2050 immodestiamque
804 1965 986 2030 verberatos
1014 1985 1084 2030 esse
1107 1972 1137 2031 et
1159 1968 1221 2051 ipsi
1245 1968 1481 2051 quodammodo

357 2083 605 2169 pronuntiastis:
638 2081 774 2146 ederatis
806 2082 890 2144 enim
916 2079 1065 2144 manibus
1091 2100 1155 2144 non
1180 2081 1313 2146 tabellas
1337 2087 1480 2147 tenentes

357 2197 412 2261 sed
435 2196 568 2280 gladms,
590 2192 770 2277 licebatque
794 2211 885 2276 opem
908 2192 990 2257 ferre
1012 2195 1053 2257 iis
1073 2196 1129 2276 qui
1147 2194 1481 2277 plectebantu130'caaal

359 2309 406 2388 μοι
439 2308 490 2372 nl'
522 2305 587 2371 οὔτε
616 2305 726 2378 τούτοις
757 2307 931 2386 ἐπεκουρεῖτε
961 2303 1026 2369 οὔτε
1055 2307 1107 2370 σὺν
1130 2305 1195 2384 ἐμοὶ
1218 2306 1266 2370 τὸν
1289 2307 1481 2372 ἀτακτοῦντα

358 2419 484 2487 ἐπαίετε.
519 2421 724 2505 Languidum
749 2421 808 2484 hoo
832 2426 896 2484 est:
921 2421 1057 2485 sienim
1082 2421 1198 2485 milites
1222 2440 1326 2505 neque
1350 2425 1482 2486 oomrni·

360 2535 514 2602 litonibus
535 2555 625 2620 opem
646 2532 798 2615 ferebant,
817 2552 921 2617 neque
940 2532 1148 2618 Xenophonti
1167 2536 1201 2597 in
1213 2537 1482 2618 poenasumenda

362 2651 500 2732 aderent,
533 2651 626 2713 otiosi
656 2647 832 2712 adstabant.
863 2646 926 2723 eui
949 2653 1056 2712 entem
1080 2649 1173 2712 otiosi
1196 2649 1322 2713 adstant
1345 2654 1376 2713 et
1400 2651 1481 2713 nihil

361 2768 470 2848 agunt,
500 2765 556 2827 vix
589 2762 652 2825 diei
682 2739 819 2845 possunt
842 2761 963 2844 aliquid
986 2760 1120 2843 efficere,
1144 2762 1231 2844 quod
1253 2762 1391 2826 alieuius
1416 2783 1482 2826 mo-

362 2879 460 2943 menti
495 2879 544 2942 sit.
578 2876 732 2960 Sequitur
761 2879 868 2938 tamen
900 2878 1049 2953 τοιγαροῦν
1079 2871 1210 2947 ἐξουσίαν
1240 2875 1397 2947 ἐποιήσατε
1418 2882 1481 2947 τοῖς

362 2997 461 3063 κοινοῖς
493 2991 587 3054 αὐτῶν
618 2987 751 3068 ὑβρίζειν,
777 3006 818 3051 ex
843 2986 961 3070 quibus
984 2986 1092 3050 verbis
1116 3007 1203 3050 nuno
1226 3006 1291 3051 non
1314 2986 1406 3052 facile
1429 3008 1483 3071 ap·

362 3113 432 3169 tum
455 3123 586 3168 sensum
610 3103 726 3167 elicias.
750 3099 935 3184 legendum
958 3119 1033 3183 ergo
1053 3119 1110 3183 pro
1131 3097 1259 3162 οὕτεοὺν
1272 3100 1481 3177 ἐμοῖοοοῖίοἰο

364 3236 449 3281 esse:
485 3213 537 3278 σύν
571 3214 598 3278 τ’
630 3213 703 3291 luel.
739 3214 789 3278 Ite
823 3215 909 3277 enim
940 3215 1098 3278 sententia
1128 3213 1240 3277 evadet
1269 3213 1483 3298 Xenophonte

365 3331 567 3414 dignissima:
607 3376 621 3410 „
633 3333 800 3413 propterea
835 3327 921 3410 quod
955 3347 1061 3411 neque
1096 3346 1154 3411 ego
1185 3330 1226 3392 iis
1256 3329 1390 3411 ignavos
1414 3348 1484 3393 esse

364 3443 503 3526 permisi,
526 3446 558 3506 et
581 3460 638 3504 vos
662 3441 742 3504 mihi
764 3442 798 3503 in
822 3459 859 3504 ea
881 3459 915 3504 re
939 3459 1005 3503 non
1029 3441 1134 3504 solum
1153 3461 1219 3504 non
1239 3441 1416 3523 obstitistis,
1428 3441 1485 3506 sed

365 3559 460 3622 etiem
492 3575 584 3639 opem
615 3556 744 3637 tulistis,
768 3554 848 3618 salvi
871 3558 1001 3618 suntet
1024 3555 1202 3638 petulantes
1225 3574 1295 3620 esse
1317 3555 1484 3639 possunt.''

364 3670 518 3735 Eiusdem
541 3670 668 3754 generis
693 3673 741 3732 est
764 3669 929 3749 sententia,
951 3686 1034 3751 quae
1045 3669 1141 3752 paulo
1153 3673 1227 3732 ante
1238 3668 1356 3752 legitur
1368 3671 1399 3750 (ξ
1415 3670 1483 3749 lit:

365 3781 417 3847 aul
450 3781 507 3862 γοὶρ
539 3774 585 3845 οὖν
616 3785 665 3844 νῦν
690 3775 800 3853 ἔξεστιν
824 3781 927 3851 αὐτοῖς
951 3781 1090 3852 σωθεῖσιν,
1114 3776 1188 3843 εἴτι
1213 3779 1262 3842 ὑπ’
1286 3781 1357 3857 ἐμοῦ
1381 3778 1486 3846 ἔταθον

366 3895 448 3976 ταρὰ
482 3896 515 3960 τὸ
545 3894 664 3966 δίκαιον,
687 3893 767 3966 δίκην
792 3892 908 3970 λαβεῖν.
934 3892 1014 3957 Cum
1039 3896 1105 3958 aori
1128 3896 1213 3958 enim
1235 3896 1384 3959 irrisione
1406 3896 1486 3978 loeo,

368 4011 406 4074 de
440 4029 504 4093 quo
538 4010 671 4093 agimus,
706 4004 829 4087 ὑβρίζειν
860 4007 981 4070 dietum
1015 4013 1063 4071 est
1092 4027 1166 4091 pro:
1198 4027 1347 4072 aoousaro
1371 4027 1430 4091 me,
1455 4014 1486 4073 et

367 4141 486 4206 poenas
510 4142 529 4185 a
550 4139 603 4184 me
626 4125 775 4204 repetere.
