3352 5260
759 551 821 614 167

224 759 280 808 νοις
296 733 398 816 (aaa
407 732 563 821 ἔσκεψαι).
579 735 776 812 Quantocius
788 736 885 802 verba
896 738 1021 802 inclusa
1033 739 1249 822 expungenda
1260 745 1346 806 sunt.

270 850 320 914 16.
347 849 489 932 „Nonne
515 851 625 915 vides”
649 851 793 917 Socrates
817 851 1014 918 Glauconem
1037 858 1128 938 rogat
1154 874 1281 938 „quam
1306 855 1348 919 sit

226 963 440 1047 periculosum
460 965 494 1028 τὸ
512 962 533 1028 οἳ
552 963 595 1041 μὴ
609 959 669 1028 οἶδε’
682 988 725 1037 τις
736 969 837 1030 τοῦτο
849 962 865 1038 ἢ
878 963 1002 1043 λέγεινῆ
1016 964 1169 1046 τροὶττεινς
1183 967 1304 1048 ἐνθυμοῦ
1316 966 1347 1031 δὲ

225 1073 277 1139 aa}
294 1080 351 1140 τῶν
362 1074 471 1150 ἄλλων,
484 1075 565 1148 ὄνους
577 1071 657 1141 aloda
669 1075 821 1151 τοιούτους,
833 1071 880 1142 οἷοι
891 1077 1046 1158 φοιίνοντοοι
1058 1076 1109 1142 acl
1121 1076 1258 1156 λέγοντες
1269 1076 1291 1143 ἃ
1302 1078 1346 1157 pala

223 1184 302 1252 ἵοοιοι
322 1187 374 1252 aa}
391 1187 598 1269 τροὶττοντες”.
612 1189 685 1254 Non
695 1210 828 1275 possum
840 1191 968 1256 credere
979 1193 1086 1276 ipsum
1098 1191 1346 1277 Xenophontem

222 1302 311 1366 istud
329 1295 376 1366 οἶοι
395 1340 437 1350 -
456 1301 633 1384 πράττοντες
652 1304 828 1369 addidisse:
849 1304 951 1369 multo
971 1306 1056 1369 enim
1077 1306 1255 1388 elegantius
1275 1306 1346 1370 illo·

224 1435 298 1480 rum
311 1415 482 1480 verborum
494 1419 652 1482 sententia
664 1418 803 1502 simplici
814 1417 970 1482 vocabulo
982 1415 1125 1490 calatrava
1137 1418 1345 1502 significatur.

269 1527 371 1613 Caput
394 1529 437 1612 X,
459 1531 489 1592 4.
513 1529 594 1595 Cum
616 1530 784 1596 Parrhasio
802 1532 922 1615 pictore
943 1530 1111 1615 disputans
1131 1530 1171 1594 de
1182 1531 1346 1596 imitandis

225 1644 324 1706 animi
354 1642 528 1726 affectibus
560 1643 704 1710 Socrates
734 1649 766 1709 et
788 1644 850 1708 alia
874 1649 905 1709 et
926 1643 1005 1708 haec
1026 1647 1132 1726 rogat:
1156 1640 1206 1706 ε’τὶ
1231 1639 1262 1706 δὲ
1284 1649 1346 1714 τοῖς

225 1758 282 1818 τῶν
311 1755 405 1835 Φίλων
434 1756 558 1833 deodato
580 1753 631 1820 κοοὶ
655 1761 714 1828 τοῖς
736 1762 838 1828 κοινοῖς
861 1755 963 1832 ὁμοίως
986 1778 1029 1818 τοι
1053 1754 1179 1818 δοκοῦσιν
1202 1752 1282 1834 ἔχειν
1305 1753 1345 1818 τοὶ

224 1867 373 1948 τρόοιοντοο,
400 1864 429 1932 οἵ
455 1891 489 1931 τε
511 1867 710 1949 φροντίζοντες
732 1866 781 1932 ml
804 1868 829 1932 ol
850 1867 903 1945 μή.
931 1867 1050 1932 Ultima
1072 1866 1170 1933 verba
1193 1864 1222 1931 οἵ
1240 1891 1273 1931 τε
1293 1873 1344 1948 φρ.

224 2004 251 2043 r„
277 1979 300 2045 oi
322 1979 366 2057 μή
391 1982 497 2046 addita
515 1982 667 2048 videntur
685 1982 725 2046 ab
744 2001 791 2066 eo,
805 1985 862 2066 qui
881 2001 947 2046 non
958 1983 1156 2066 intelligeret,
1170 1983 1346 2047 sententiae

224 2094 404 2159 subiectum
446 2115 516 2161 esse
548 2095 573 2159 oi
606 2094 752 2176 ἄνθρωποι,
788 2098 874 2180 quod
906 2097 1057 2161 facillime
1093 2116 1110 2160 e
1142 2097 1346 2181 praecedenti

223 2206 359 2288 οὶνθρώτῳ
386 2210 471 2272 sumi
493 2214 605 2293 potest.
628 2208 776 2292 Namque
800 2211 861 2274 isto
885 2208 1098 2273 additamento
1123 2210 1345 2294 interrogatio·

223 2338 298 2384 nem
321 2323 491 2405 corrumpi,
508 2321 600 2386 facile
619 2341 637 2387 e
654 2320 816 2385 Parrhasii
835 2325 965 2405 apparet
977 2339 1147 2404 responso:
1161 2318 1217 2384 Mol
1230 2319 1299 2392 Δίος,
1312 2321 1344 2383 οὐ

224 2432 311 2506 laica·
329 2430 379 2496 a'al
398 2433 453 2511 μὲν
472 2432 529 2514 γὰρ
549 2440 611 2506 τοῖς
622 2434 747 2511 cyclon
759 2432 882 2512 φοιιδροι,
894 2431 945 2496 ε’τὶ
957 2432 988 2496 δὲ
1001 2438 1063 2504 τοῖς
1074 2438 1173 2503 κοινοῖς
1185 2429 1344 2514 σκυθρωποὶ

223 2545 392 2624 γίννοντοοιῑ
419 2553 570 2612 neutrum
596 2550 681 2612 enim
704 2548 818 2612 horum
843 2550 899 2610 τῶν
924 2545 968 2623 μὴ
991 2542 1198 2627 φροντιζόντων
1220 2552 1276 2610 est.

268 2658 371 2744 Caput
397 2660 458 2743 XI,
483 2663 510 2724 1.
534 2660 673 2725 Pudoris
696 2660 818 2744 aliquid
842 2679 876 2724 se
897 2659 1075 2724 Theodotus
1098 2657 1239 2724 tribuere
1261 2657 1344 2724 arbi-

222 2778 325 2838 tratus
348 2780 405 2857 est,
430 2776 486 2858 qui
508 2776 631 2858 primus
654 2775 782 2857 scripsit
799 2792 869 2838 eam
889 2769 1077 2836 ἐπιδεικνύναι
1091 2773 1144 2853 (sc.
1157 2771 1343 2854 pictoribus)

222 2885 329 2958 ἑαυτῆς
360 2883 414 2949 ὅσοι
444 2889 543 2957 καλῶς
566 2883 640 2965 ἔχοι,
664 2885 720 2966 ssd
743 2887 778 2948 in
801 2904 838 2950 ea
860 2903 895 2948 re
919 2905 937 2948 a
961 2902 1056 2966 scopo
1079 2882 1246 2946 aberravit.
1268 2880 1342 2946 Non

222 2999 309 3062 enim
345 2999 425 3063 illud
456 2999 631 3082 significat:
666 2996 890 3079 „monstrabat
922 3000 1078 3078 quantum
1103 2992 1263 3078 decebat''‚
1286 2993 1342 3058 sed

224 3116 408 3194 „quantum
449 3113 526 3176 satis
559 3111 656 3176 erat'’.
691 3109 877 3194 legendum
912 3108 1041 3172 videtur
1074 3103 1130 3169 ὅσοι
1163 3105 1245 3168 κοινοὶ
1278 3102 1343 3184 ἔχοι

223 3243 465 3307 „quaecunque
487 3224 639 3288 haberent
661 3223 910 3308 pulchritudinis
931 3219 1277 3285 commendationem”:
1297 3221 1343 3284 sic

219 3339 305 3402 enim
328 3343 413 3402 recte
436 3357 565 3421 pravam
587 3329 757 3402 lectionem
780 3337 876 3401 vertit
898 3332 1174 3418 Hindenburgiua
1272 3387 1273 3390 ,

264 3452 294 3513 4.
318 3447 385 3529 ὁρῶν
406 3448 500 3522 οιῦτήν
523 3473 556 3513 τε
574 3452 742 3521 πολυτελῶς
761 3446 983 3525 κεκοσμημένην
1002 3444 1053 3510 acl
1066 3444 1180 3524 μντέροι
1192 3447 1341 3526 τοοροῢοοιν

219 3563 295 3641 αὐτῇ
327 3561 387 3626 κτὲ.
412 3565 481 3625 Aut
503 3568 576 3626 ante
599 3559 712 3641 μητέρος
735 3561 926 3625 inserendus
952 3565 1001 3624 est
1023 3559 1177 3623 articulus
1199 3555 1262 3632 τήν,
1286 3562 1342 3621 aut

220 3677 327 3759 ipsum
349 3675 431 3738 illud
455 3673 571 3755 μητέροι
593 3680 779 3758 corruptum
803 3679 859 3737 est.

267 3790 296 3852 7.
328 3788 419 3853 Certe
448 3788 501 3852 hic
529 3789 620 3852 locus
651 3787 783 3852 articulo
811 3805 918 3851 carere
947 3805 1013 3849 non
1043 3789 1164 3869 potest:
1197 3783 1255 3862 οὐχ
1276 3781 1341 3864 ὁρᾷς

220 3900 264 3965 ὅτι
286 3901 335 3964 acl
357 3902 390 3965 τὸ
415 3903 514 3980 μικροῦ
537 3897 616 3973 ἄξιον
640 3899 706 3972 τοὺς
728 3902 830 3976 laycis
851 3899 986 3978 θηρῶντες
1006 3897 1066 3962 ιιτὲ.
1079 3896 1339 3980 Obtemperatum

220 4016 362 4098 oportuit
383 4013 569 4078 Heindorfio
594 4014 763 4096 corrigenti
786 4011 810 4074 οἱ
832 4010 884 4074 cal
907 4011 940 4075 τὸ
964 4033 998 4087 μ.
1022 4006 1071 4083 dt.

265 4126 367 4211 caput
395 4127 472 4210 XII,
502 4129 528 4189 7.
552 4126 625 4198 εἰκὸς
649 4125 681 4189 δὲ
704 4127 821 4202 μᾶλλον
843 4124 912 4205 πρὸς
936 4123 976 4187 τοὶ
997 4123 1113 4188 ε’νοιντίοο
1136 4126 1193 4187 τῶν
1216 4120 1266 4188 aa
1287 4121 1340 4194 τὴν
1371 4137 1372 4140 ’

221 4237 369 4320 καχεξίαν
400 4238 580 4319 γιγνομένων
608 4237 660 4304 acl
686 4239 739 4312 cxlv
761 4234 874 4313 εὖεξίοιν
896 4237 1041 4318 χρήσιμον
1062 4231 1141 4302 εἷνοιι.
1166 4236 1240 4302 Non
1264 4257 1339 4302 con·
