3352 5260
855 581 918 646 102

322 765 523 832 Facillimum
547 768 653 830 autem
678 768 726 828 est
748 765 793 828 ito
816 763 1002 831 emendare:
1027 759 1047 828 οἳ
1071 760 1116 825 σοί
1140 759 1250 840 ἕτερον.
1270 762 1332 829 Sed
1353 765 1444 848 equi-

321 879 392 946 dem
417 877 616 964 probabilius
638 896 708 942 esse
732 879 853 962 opinor,
877 877 972 942 uliam
995 895 1066 942 esso
1085 877 1283 961 corruptelae
1302 897 1442 942 causam.

321 992 429 1070 Quum
461 993 547 1057 enim
572 996 740 1076 sequatur:
765 990 848 1055 ἀλλὰ
870 989 928 1071 νθορ
952 990 976 1055 οἱ
998 990 1099 1061 ἱππεῖς
1123 986 1256 1069 οίχοντοοί
1278 1013 1327 1067 μοι
1350 987 1442 1062 σίλλος

319 1105 398 1186 ἄλλρ
423 1104 538 1180 διώκων·
563 1105 677 1170 θέθοικοο
701 1098 748 1170 οὖν
771 1103 814 1183 μὴ
838 1102 1000 1177 σνστοίνπες
1023 1101 1116 1184 ίίθροοί
1131 1125 1186 1168 πον
1206 1102 1295 1168 νοοκθν
1315 1102 1441 1185 erepa-

318 1240 425 1284 σονποον
449 1218 473 1283 οἱ
494 1217 637 1296 πολέμιον,
661 1219 759 1284 verba
780 1215 803 1283 θο
825 1217 861 1281 σὺ
884 1214 984 1296 ἔλεγες
1007 1218 1077 1282 loco
1100 1223 1187 1282 mota
1207 1236 1277 1283 esse
1297 1219 1390 1284 credo
1410 1225 1443 1286 et

319 1339 392 1418 post
419 1331 504 1397 ἀλλὰ
533 1329 591 1412 νθρ
614 1332 778 1416 ponenda:
802 1331 961 1396 eiusmodi
984 1332 1070 1396 enim
1093 1332 1273 1415 periculum
1296 1336 1442 1396 metuen-

319 1447 397 1510 dum
422 1465 492 1511 esee
514 1444 697 1529 Xenophon
721 1448 897 1509 monuerat

362 1559 420 1642 IV,
445 1560 495 1622 19.
518 1557 735 1643 Xenophonti,
759 1575 855 1641 quem
878 1558 913 1619 in
937 1558 1017 1639 vico,
1041 1555 1096 1620 ubi
1118 1561 1290 1640 pernoctat,
1312 1556 1442 1622 barbari

320 1677 514 1756 oppugnant,
545 1672 668 1735 auxilio
700 1671 790 1734 venit
821 1669 956 1734 Seuthes
979 1689 1055 1733 cum
1078 1675 1198 1754 septem
1224 1670 1388 1754 equitibus
1411 1676 1442 1737 ot

318 1785 461 1850 tubicine
494 1785 635 1848 Thracio
670 1779 722 1848 κοοί
757 1782 873 1863 ἐπείπερ
905 1782 1016 1864 ᾔσθετο,
1048 1779 1165 1863 ὅσονπερ
1196 1782 1297 1863 χρόνον
1319 1782 1441 1860 ἐβοήθει,
1543 1767 1546 1774 ’

317 1899 451 1961 τοσοῦτον
482 1894 532 1962 aa>
562 1896 595 1961 τὸ
626 1894 711 1977 κέρνος
737 1894 912 1977 ἐφθέγγετο.
938 1895 1023 1973 Quid
1047 1899 1091 1961 sit
1112 1895 1227 1976 ἐπείπερ
1250 1895 1352 1977 ᾔσθετο
1375 1917 1441 1961 non

318 2012 429 2093 vide03
465 2031 541 2076 nam
578 2011 664 2096 quod
699 2015 844 2075 vertunt:
883 2011 1171 2095 ,quandoquidem
1201 2017 1343 2076 senserat
1373 2031 1441 2076 rem

321 2123 469 2208 (Graecos
499 2126 534 2187 in
562 2143 678 2208 magno
702 2123 845 2208 periculo
868 2122 1021 2205 versari)”
1045 2125 1141 2188 nimis
1166 2123 1355 2207 languidum
1380 2125 1441 2188 hoo

319 2243 383 2303 est:
415 2257 482 2301 non
514 2238 600 2302 enim
631 2237 752 2301 auxilio
776 2238 918 2302 venisset
940 2239 1004 2300 nisi
1027 2237 1086 2300 hoc
1110 2238 1271 2302 sensisset.
1294 2237 1442 2302 Fortasse

318 2374 370 2432 περ
401 2351 481 2416 fuleo
514 2352 577 2414 huc
608 2370 627 2415 a
658 2352 806 2435 sequenti
828 2348 944 2430 ὅσονπερ
968 2355 1106 2416 hactum
1130 2357 1186 2434 est,
1213 2371 1315 2436 eoque
1338 2352 1441 2416 deleto

318 2467 395 2530 hoec
419 2465 616 2530 restituenda
642 2467 816 2529 sententia:
844 2472 902 2545 ,et
925 2465 1081 2549 quamdiu
1101 2465 1140 2528 ad
1160 2464 1318 2529 auxilium
1338 2465 1442 2530 feren·

319 2579 396 2642 dum
413 2577 583 2642 accedebat
594 2577 739 2661 Seuthes,
751 2583 921 2662 postquam
934 2580 1075 2662 primum
1088 2579 1267 2662 periculum
1282 2582 1441 2664 cognovit,

318 2697 353 2757 ut
377 2696 498 2756 metum
520 2691 667 2756 hostibus
691 2693 849 2756 incuteret
874 2691 951 2756 tuba
974 2690 1137 2756 canebot”.

360 2804 416 2887 VI,
443 2805 492 2868 11.
516 2805 555 2868 In
579 2805 710 2870 exordio
734 2804 928 2870 defensionis
949 2825 1027 2870 snae
1045 2805 1123 2870 haec
1143 2805 1220 2870 dicit
1239 2805 1438 2891 Xenophon:

315 2915 398 2980 σὀλλέο
421 2916 522 2980 ποίντοο
546 2916 601 2994 ροέν
625 2914 681 2997 οίροο
704 2916 847 2998 ίονθρωπον
870 2915 940 2980 θντοι
960 2917 1117 2998 προςδοκοῖν
1136 2917 1187 2989 δεῖ,
1209 2917 1295 2983 ὂπθπε
1314 2917 1365 2984 act
1382 2921 1439 2998 ἐγὼ

315 3034 364 3093 νῦν
398 3027 451 3111 ὑφ’
491 3029 573 3106 ὑμῶν
605 3030 702 3094 οοίπίοον
733 3031 818 3113 (coh.
850 3034 947 3096 ceteri
978 3030 1086 3114 οιίτίοος)
1116 3030 1177 3112 ἔχω
1202 3034 1231 3098 ἐν
1254 3026 1275 3114 ᾧ
1298 3034 1440 3108 πλείστην

315 3142 474 3224 προθυροίοον
505 3143 626 3224 ἐμαυτῷ
656 3168 692 3221 γε
722 3144 794 3208 δοκῶ
826 3143 981 3209 σννενδένοον
1011 3143 1075 3226 περὶ
1100 3146 1180 3224 ὑροοῖς
1203 3146 1439 3226 παρεσχημένος.

316 3257 545 3341 Corrigendum
577 3276 646 3322 essa
678 3258 771 3322 credo
801 3258 852 3337 ἐφ’
877 3250 898 3338 ᾧ
921 3278 979 3343 pro
1003 3259 1032 3323 ἐν
1056 3251 1086 3338 ᾧ.
1111 3259 1185 3323 Non
1210 3262 1296 3324 enim
1320 3260 1440 3326 Graece

315 3371 434 3434 dicitur
456 3368 553 3434 οιίπίοον
577 3366 656 3449 ἔχειν
681 3368 709 3432 ἐν
732 3395 795 3435 τννν.
820 3371 951 3439 Dictum
975 3379 1082 3437 autem
1106 3375 1165 3438 erit
1188 3372 1284 3436 οοίπίοον
1305 3370 1367 3453 ἔχον
1387 3374 1438 3455 ἐφ’

314 3476 335 3564 ᾧ
359 3481 517 3563 προθυμίοον
541 3482 681 3555 πλείστην
704 3483 901 3564 ποορέσχπμοον
924 3506 999 3570 pro:
1024 3482 1073 3549 ἐπὶ
1098 3484 1189 3566 τούτῳ
1211 3486 1239 3549 ἐν
1260 3478 1281 3566 ᾧ
1302 3508 1333 3548 π.
1348 3508 1381 3550 π.
1395 3509 1439 3560 π.,

316 3597 586 3682 quemadmodum
620 3598 638 3679 ξ
664 3599 704 3660 15
727 3597 824 3662 οοίτίοον
847 3596 947 3677 ἔχοιμι
971 3596 1035 3679 περὶ
1060 3593 1096 3661 ὧν
1120 3599 1187 3679 πρὸς
1210 3601 1308 3664 τοῦτον
1333 3598 1438 3680 δοοοφέ·

313 3732 400 3789 ροροοιο
422 3729 480 3794 pro
504 3708 602 3773 οοίτίοον
625 3706 725 3788 ἔχοιμι
749 3707 813 3790 περί
837 3709 943 3774 τούτων
966 3708 987 3775 ἐν
1011 3733 1043 3774 π.
1057 3735 1084 3774 τ.
1100 3710 1127 3776 δ.

357 3822 414 3904 VI,
440 3823 489 3886 16.
516 3823 576 3903 ,si
600 3842 667 3906 ago,
687 3822 835 3905 milites’',
854 3822 1035 3907 Xenophon
1059 3825 1103 3889 ait
1125 3873 1140 3906 „
1152 3824 1302 3889 Seuthem
1326 3826 1438 3889 lauda-

313 3953 390 4016 rem,
413 3936 469 4018 qui
492 3955 550 4000 vos
574 3936 732 4020 stipendio
754 3935 923 4016 fraudavit,
942 3938 1013 4001 iure
1033 3957 1084 4002 me
1106 3939 1299 4003 accusaretis
1311 3944 1343 4003 et
1355 3939 1439 4003 odis-

315 4049 406 4112 setis:
441 4067 529 4112 nuno
560 4068 636 4113 vero
667 4051 826 4133 quidest,
853 4050 938 4134 quod
961 4052 1040 4114 mihi
1062 4051 1176 4134 culpae
1200 4051 1274 4115 dore
1298 4053 1437 4136 possitis,

313 4180 414 4245 quum
447 4162 581 4228 videatis
617 4183 667 4228 me
701 4163 822 4246 Seuthi,
854 4184 917 4248 quo
949 4169 1042 4229 antea
1073 4167 1176 4228 amico
1209 4163 1331 4246 utebar,
1363 4184 1434 4229 eam

312 4276 416 4363 ipsam
447 4273 486 4340 ob
516 4295 647 4340 canem
669 4278 928 4342 inimicissimum
952 4277 1073 4343 factum
1097 4277 1212 4344 ceso?''
1236 4276 1308 4341 ἀλλ’
1332 4273 1438 4342 εἴποιτε
