3354 5268
887 663 929 726 68

348 855 457 933 στῖφος
485 855 517 916 et
537 849 608 914 αλλ’
634 846 712 928 ὅμως
734 849 747 914 ὁ
771 847 923 930 Κλέαρχος
945 848 1092 914 lubenter
1115 851 1284 916 reddemus
1311 873 1457 937 gramma

350 967 432 1048 ticis,
456 966 513 1048 qui
537 966 750 1030 inseruerunt.

396 1078 455 1142 IX.
480 1080 531 1141 24.
569 1077 716 1160 ,Cyrum
748 1078 866 1142 amicos
897 1097 974 1142 suos
1005 1079 1040 1142 in
1063 1076 1158 1143 rebus
1182 1081 1307 1164 magnis
1330 1080 1475 1146 affecisse

352 1196 450 1258 tantis
472 1192 645 1276 beneficiis,
669 1198 705 1256 ut
728 1211 838 1256 omnes
862 1192 1014 1275 vinceret,
1037 1194 1167 1258 minime
1186 1195 1305 1259 mirum
1326 1201 1382 1278 est,
1395 1216 1477 1280 quo·

352 1309 441 1371 niam
464 1311 494 1370 ei
519 1306 640 1370 divitiis
663 1305 838 1390 plurimum
859 1305 1000 1369 valebat:
1021 1305 1053 1369 πὸ
1073 1305 1105 1369 δὲ
1123 1312 1161 1378 πῆ
1173 1306 1326 1390 ἐπιμελείᾳ
1338 1315 1477 1389 περιεῖναι

352 1423 409 1483 τῶν
431 1419 526 1501 Φίλαν
548 1416 601 1483 καὶ
625 1419 664 1498 πῷ
688 1418 892 1498 προθυμεῖσθαι
914 1417 1097 1499 χαρίζεσθαι,
1116 1423 1216 1484 παΐιπα
1235 1418 1337 1499 ἔμοιγε
1356 1423 1476 1500 μαλλον

353 1532 433 1597 δοκεῖ
459 1530 584 1610 ἀγαστὰ
610 1525 712 1595 εἷναι.”
736 1531 921 1596 Subiectum
945 1533 1043 1597 huius
1067 1535 1242 1598 sententiae
1266 1541 1315 1600 est
1338 1535 1473 1600 verbum

354 1652 496 1727 περιεῖναι,
528 1647 622 1711 cuius
652 1647 686 1709 in
718 1645 824 1710 locum
847 1665 911 1709 non
935 1647 1091 1731 perspicio
1116 1648 1285 1731 quomode,
1308 1650 1476 1713 nonnullis

355 1760 520 1825 vocabulis
544 1761 748 1844 interpositis,
770 1761 880 1824 venire
903 1762 1004 1844 possit
1021 1779 1197 1844 pronomen
1217 1765 1316 1826 ταῦτα
1335 1764 1369 1826 in
1388 1763 1477 1846 plu-

354 1873 437 1938 rali
460 1892 611 1938 numero:
636 1891 741 1956 neque
763 1877 869 1937 tamen
893 1874 1084 1938 contendere
1107 1875 1210 1939 ausim
1234 1874 1334 1939 verba
1356 1879 1476 1940 ταῦτα·

354 1984 481 2064 aalma
505 1991 653 2071 corrupta
676 2004 762 2051 esse:
787 1985 908 2050 nullam
932 1988 1016 2050 euim
1038 2007 1166 2052 causam
1188 1989 1475 2072 video,curroz”uo·

354 2097 488 2178 αγασπιι
500 2100 545 2179 (id
561 2101 645 2164 enim
659 2101 766 2183 quivis
777 2099 830 2164 hic
841 2101 996 2184 expectet)
1008 2103 1147 2184 potuerit
1159 2102 1325 2186 displicere
1336 2103 1477 2168 librariis

355 2214 406 2278 vel
429 2213 604 2279 obscurum
627 2233 705 2278 esse.

398 2327 458 2412 IX,
490 2329 540 2392 27.
572 2325 641 2391 ὅπου
673 2325 704 2391 δὲ
734 2327 821 2407 χιλδς
851 2324 971 2400 νπιινιις
1001 2325 1053 2402 εἴη,
1078 2328 1165 2402 αὐτὸς
1185 2329 1217 2393 δὲ
1239 2327 1354 2394 δύναιτο
1377 2352 1476 2411 παρα-

355 2439 552 2506 σκευάσασθαι
579 2439 628 2505 δια
648 2441 681 2504 πδ
701 2440 826 2513 πολλοὺς
843 2438 922 2521 ἔχειν
943 2439 1087 2522 ὑπηρέτας
1107 2441 1157 2506 καὶ
1169 2442 1476 2521 διαπῆνὲπιμέλειαν,

356 2553 531 2631 διαπέμπων
561 2551 674 2617 ἐκέλευε
704 2552 770 2625 ποὺς
797 2553 902 2633 Φίλαις
923 2561 984 2627 τοῖς
1006 2555 1048 2618 πα
1070 2555 1178 2620 ἑαυτῶν
1202 2555 1476 2634 reparaturum

355 2665 453 2741 ἵπποις
488 2665 654 2745 ἐμβάλλειν
687 2671 787 2731 τοῦτον
823 2667 871 2732 πδν
903 2670 1039 2748 χιλὸν
1020 2694 1057 2742 ως
1090 2693 1133 2747 pn
1164 2670 1223 2734 κπὲ.
1255 2670 1369 2756 Neque
1394 2672 1476 2737 bene

357 2782 476 2848 Graece
506 2801 611 2866 neque
641 2782 801 2866 eleganter
831 2782 927 2848 verba
959 2804 1058 2846 πινπιν
1081 2783 1128 2846 τὸν
1152 2781 1238 2863 χιλόν
1261 2785 1384 2849 hiet
1335 2790 1384 2849 ιιιι
1385 2805 1476 2870 erpo·

356 2902 440 2962 nunt
441 2918 497 2961 ur:
517 2898 551 2960 iu
572 2897 771 2981 praecedenti
784 2899 868 2961 enim
881 2894 1056 2973 διαπέμπων
1068 2903 1162 2982 propt
1163 2918 1197 2962 er
1208 2901 1475 2983 praepositionem

356 3008 404 3073 διιι
440 3012 636 3074 censendum
671 3015 719 3074 est
706 3011 794 3074 ttla
781 3014 847 3074 tere
877 3010 1046 3092 obiectum,
1078 3012 1163 3094 quod
1187 3012 1344 3096 significet
1366 3013 1477 3097 pabuli

356 3125 526 3207 portiones,
547 3123 646 3207 idque
668 3125 770 3187 omitti
795 3128 826 3188 et
812 3123 1040 3187 tdebebatet
1008 3125 1189 3209 etegregie
1208 3144 1248 3208 po
1249 3129 1330 3189 terat
1349 3131 1442 3211 propt
1443 3146 1478 3191 er

357 3235 493 3300 vocabul
494 3256 549 3299 um
572 3233 690 3314 χιλός
681 3257 716 3299 ιιι
741 3238 947 3301 sententiae
939 3242 999 3301 ιιιι
999 3257 1038 3300 ιο
1064 3236 1144 3313 Quis
1168 3240 1253 3302 enim
1274 3238 1356 3303 ferre
1375 3241 1477 3323 possit

357 3345 427 3412 ὅπου
449 3349 535 3428 χιλὸς
559 3347 679 3422 ππανιις
702 3373 742 3423 ειν
768 3349 912 3426 διέπεμπε
932 3347 1043 3430 zabda?
1067 3351 1112 3415 At
1099 3353 1170 3435 iqui
1189 3352 1360 3418 absurdius
1381 3355 1477 3419 etiam

337 3464 421 3528 cst:
453 3460 523 3526 ὅπου
556 3461 587 3526 δὲ
616 3463 703 3541 χιλὸς
733 3485 853 3537 σπανιος
882 3487 923 3537 ειν
948 3461 1161 3541 διαπὲαπαν’
1146 3463 1259 3529 ειιέλενε
1281 3465 1348 3539 τοὺς
1371 3466 1476 3548 φίλους

357 3574 523 3654 ἐμβάλλειν
546 3580 646 3640 reiron
669 3577 717 3641 τὸν
739 3574 834 3656 χιλιν.

401 3689 460 3772 IX,
484 3692 534 3753 31.
558 3685 707 3770 δ”φνγεν
693 3711 770 3769 εχων
794 3712 842 3753 και
866 3688 1095 3771 πδνπραπενμα
1119 3713 1179 3754 παν
1203 3686 1235 3756 αὖ
1253 3691 1364 3770 ἧνειπο.
1389 3693 1476 3777 „aad

359 3803 475 3869 etiam’'
477 3805 604 3888 ,taiuut
591 3804 707 3868 tdocti
722 3806 931 3888 grammatici)
948 3824 984 3886 ,e
998 3825 1147 3889 supresso
1161 3813 1228 3871 orat
1229 3808 1312 3871 ionis
1324 3808 1476 3892 membro,

359 3918 398 3983 ad
435 3917 521 4003 qnod
550 3918 694 4002 refertur,
723 3919 949 4002 explicandum
982 3924 1038 3984 est.
1066 3915 1143 3998 ἔχων
1175 3943 1227 3984 και
1250 3921 1282 3985 πὸ
1305 3918 1477 4002 aporema

359 4033 427 4097 h.e
461 4052 525 4097 non
559 4033 702 4097 solum
693 4052 769 4117 ipse,
793 4019 904 4098 sedt
873 4035 967 4097 etiam
991 4034 1088 4098 simul
1112 4034 1273 4100 abducens
1297 4037 1417 4100 exercit
1418 4057 1473 4101 um

360 4145 486 4211 suum''.
508 4145 578 4210 Hac
600 4147 730 4229 ratione,
754 4145 939 4231 ubicunque
962 4139 1117 4230 legitur
1099 4147 1167 4219 nata
1190 4148 1285 4212 vel
1266 4170 1363 4228 ῳχεπι
1382 4173 1473 4228 apua,

359 4255 446 4337 ἔ,χιιν
481 4256 535 4340 φέρ
537 4282 583 4333 ιιι,
612 4260 753 4324 inserere
775 4258 828 4323 και
848 4261 959 4344 possis.
981 4258 1062 4323 Mihi
1084 4279 1158 4325 vero
1181 4261 1242 4326 hoc
1265 4263 1327 4326 salt
1314 4267 1378 4327 tem
1405 4264 1474 4329 loco

359 4391 396 4438 ca
417 4372 609 4456 particula'
600 4377 707 4457 mepte
676 4373 836 4437 taddita
804 4372 992 4457 tvidetur,
1016 4373 1114 4457 idque
1137 4392 1173 4438 eo
1197 4377 1309 4460 magis,
1335 4377 1412 4460 quia
1436 4397 1473 4444 ea
