3352 5260
753 573 814 635 135

259 758 411 823 Vidimus
440 777 516 842 ergo
545 757 620 822 libri
649 759 745 843 primi
775 759 877 841 capita
901 757 952 821 Ill
976 757 1055 842 (Vl)
1078 758 1127 821 VI
1150 763 1181 826 et
1204 761 1337 825 secundi

215 877 312 955 caput
345 873 486 955 primum
519 873 637 955 optime
666 873 750 935 inter
780 891 815 936 se
846 871 1013 936 cohaerere
1045 877 1077 936 et
1106 872 1145 936 de
1169 872 1279 938 eadem
1302 893 1337 938 re

216 1004 318 1068 agere,
339 985 391 1049 vel
414 987 521 1069 potius
545 985 625 1049 duas
648 1004 699 1049 res
724 985 868 1050 eiusdem
891 986 1018 1068 generis
1037 987 1082 1049 ita
1102 987 1135 1048 in
1148 987 1189 1052 iis
1200 989 1337 1070 tractui

216 1103 253 1161 ut
275 1098 314 1161 ab
337 1098 436 1162 altera
457 1099 497 1162 ad
520 1099 652 1162 alteram
675 1097 846 1161 facillimus
869 1099 911 1162 sit
932 1099 1095 1162 transitus,

259 1211 337 1275 Post
366 1216 461 1295 caput
492 1211 509 1272 1
534 1209 623 1274 Libri
645 1210 679 1273 Π
702 1211 894 1274 narrationis
916 1209 1017 1293 filum,
1040 1212 1127 1295 quod
1149 1213 1185 1276 in
1210 1231 1337 1296 praece·

216 1322 364 1389 dentibus
384 1324 625 1389 observavimus
645 1323 751 1388 subito
770 1323 980 1408 abrumpitur,
991 1344 1140 1408 novaque
1157 1327 1338 1398 instituitur

215 1438 329 1502 series:
353 1442 402 1501 est
421 1456 458 1501 ea
475 1457 591 1502 novem
611 1439 760 1521 capitum,
780 1456 871 1522 quae,
890 1437 1064 1502 dummodo
1078 1443 1229 1521 quartum
1242 1441 1336 1523 quin·
1431 1447 1432 1451 ’

124 1581 127 1586 ·
215 1555 350 1632 tumque
384 1551 534 1633 excipias,
567 1550 729 1633 praeclara
762 1555 794 1614 et
823 1551 950 1634 egregia
979 1570 1093 1614 vocare
1116 1570 1181 1616 non
1205 1551 1334 1616 dubito:

214 1662 411 1745 lepidissima
434 1663 519 1726 enim
542 1662 692 1746 lectuque
714 1662 947 1726 iucundissima
969 1664 1003 1725 in
1026 1664 1067 1726 iis
1091 1662 1249 1732 habentur
1273 1665 1336 1728 ool·
1407 1733 1410 1738 ,

182 1801 188 1810 ’
215 1775 333 1859 loquia.
359 1773 468 1858 Capita
490 1794 576 1856 vero,
599 1794 682 1858 quae
705 1775 895 1858 excipienda
917 1793 987 1839 esse
1011 1775 1164 1858 dicebam,
1184 1776 1337 1861 languida

215 1894 291 1952 sunt
313 1893 345 1952 et
366 1889 490 1970 inepta:
514 1889 548 1951 in
573 1893 686 1972 quarto
710 1888 906 1972 colloquium
928 1888 1091 1971 quoddam
1111 1891 1236 1970 citatur,
1249 1890 1336 1972 quod

213 2000 303 2065 nullo
337 2001 550 2084 respondente
585 2019 693 2065 secum
729 1998 874 2065 Socrates
903 1999 1032 2080 habuit3
1064 2001 1206 2068 taedium
1229 2007 1337 2066 movet

215 2115 324 2194 oratio,
364 2113 589 2196 rhetoromque
628 2113 767 2196 aliquem
802 2115 903 2196 magis
939 2113 1030 2177 decet
1064 2133 1162 2196 quam
1196 2113 1335 2179 Socratis

214 2225 425 2310 discipulum;
455 2226 489 2288 in
514 2226 627 2308 quinto
650 2225 876 2289 Antisthenem
903 2225 1078 2308 alloquitur
1102 2225 1256 2308 Socrates
1279 2227 1335 2291 sed

215 2341 319 2422 specie
354 2339 455 2422 magis
491 2358 587 2421 quam
617 2357 745 2402 revera:
776 2338 857 2402 nihil
888 2341 974 2402 enim
1005 2339 1213 2405 Antisthenes
1238 2339 1336 2423 affert,

215 2452 301 2534 quod
324 2471 388 2514 non
416 2453 523 2534 quivis
547 2452 585 2515 de
607 2450 699 2534 plebe
721 2451 911 2516 Atheniensi
935 2452 1037 2528 homo,
1062 2451 1234 2518 dummodo
1258 2454 1335 2517 satis

213 2565 254 2628 sit
272 2565 410 2646 ineptus,
429 2564 620 2647 respondere
640 2565 748 2648 possit.
770 2562 855 2640 Quid
871 2566 957 2629 enim
969 2567 1072 2648 magis
1085 2571 1132 2629 est
1144 2563 1335 2646 ἀπειρόκαλον

214 2695 310 2759 quam
333 2677 394 2739 ista
417 2677 614 2740 enumeratio
637 2676 667 2758 (ᾗ
692 2678 740 2757 dl:
767 2674 815 2738 δύο
840 2678 928 2752 μνᾶς,
953 2675 1122 2753 ἡμιμναίου,
1148 2676 1220 2742 δέκα
1244 2681 1333 2755 μνῶν,

212 2786 329 2852 πάντων
351 2785 539 2867 χρημάτωνῖ
564 2787 626 2853 Sed
647 2795 679 2852 et
698 2795 801 2853 cetera
813 2789 910 2854 huius
924 2791 1076 2873 colloquii
1089 2793 1190 2856 oratio
1203 2811 1334 2875 magno·

213 2920 288 2985 pere
310 2901 471 2985 displicet3
496 2902 627 2965 minime
649 2907 758 2965 autem
779 2900 911 2966 ferenda
933 2908 1019 2985 sunt,
1040 2921 1122 2985 quae
1143 2903 1162 2985 ἓ
1184 2904 1335 2987 blegun-

214 3021 274 3079 tor.
298 3013 346 3077 lla
368 3016 452 3078 enim
476 3016 642 3097 sententia,
667 3034 749 3098 quae
772 3034 790 3077 a
813 3014 853 3077 τνὶ
876 3019 1001 3078 τοιαῦτα
1025 3017 1147 3099 incipit,
1169 3020 1235 3080 tam
1259 3034 1334 3079 con·

214 3134 296 3193 torta
330 3134 378 3192 est
412 3135 444 3192 et
473 3129 633 3213 impedita,
665 3134 702 3193 ut
731 3148 825 3193 nemo
849 3131 977 3194 eredere
998 3131 1099 3214 possit
1121 3131 1166 3196 ita
1188 3150 1333 3213 unquam

213 3241 460 3325 Xenophontem
495 3243 668 3326 scripsisse.
703 3242 776 3306 Uno
810 3248 915 3306 tamen
952 3244 1032 3306 vitio
1063 3243 1191 3310 hberari
1221 3248 1335 3327 potest,

214 3355 300 3438 quod
330 3375 396 3418 non
428 3356 574 3438 scriptori
598 3355 654 3420 sed
675 3355 803 3420 librario
827 3355 1054 3439 imputandum
1079 3363 1143 3421 est:
1168 3363 1241 3426 ante
1265 3377 1334 3421 ver-

212 3469 291 3532 bum
313 3471 411 3532 σκοπῶ
435 3469 634 3533 desideratur
656 3470 859 3552 participium
882 3467 1002 3552 ἀκούων,
1022 3471 1106 3554 quod
1127 3490 1193 3534 non
1213 3470 1335 3553 dubito,

213 3583 291 3665 quin
315 3581 389 3645 olim
413 3582 608 3665 adscriptum
631 3581 744 3646 fuerit:
768 3582 912 3666 alioquin
937 3585 1023 3647 enim
1046 3602 1087 3647 ne
1106 3583 1242 3667 intelligi
1262 3585 1333 3666 qui·

212 3695 284 3758 dem
306 3699 418 3778 potest,
442 3695 520 3779 quid
544 3695 676 3759 dicatur.

254 3806 340 3891 Ergo
374 3809 477 3891 capita
511 3807 560 3872 IV
594 3813 626 3872 et
655 3807 687 3872 V
718 3807 829 3873 abesse
853 3810 982 3893 quidem
1006 3809 1125 3890 malim,
1148 3809 1204 3875 sed
1227 3812 1333 3894 etiam,

209 3919 275 3984 illis
298 3920 405 3984 locum
430 3941 526 3985 suum
550 3921 774 4002 retinentibus,
797 3921 883 3986 haud
906 3921 1077 3986 obscurum
1102 3926 1158 4004 est
1178 3943 1242 4010 quo
1261 3925 1332 3986 rin·

210 4032 283 4097 culo
314 4052 430 4098 norem
459 4035 515 4098 illa
548 4036 650 4119 capita
674 4033 806 4116 (II-X>
829 4037 939 4125 iun-eta
963 4037 1035 4098 sint.
1058 4035 1214 4118 Inspicias
1238 4037 1331 4102 modo

209 4148 328 4212 hancce
351 4153 612 4232 argumentorum
636 4147 796 4213 tabulam:
1302 4226 1305 4232 1

389 4259 422 4324 0.
446 4260 488 4324 Π.
517 4259 736 4344 Lamproolem
759 4262 854 4325 matri
877 4279 955 4326 suae
976 4262 1165 4326 irascentem
1188 4261 1333 4327 Socrates
