3330 5262
869 621 932 686 342

327 805 438 887 fuisse,
469 807 503 869 in
537 824 603 889 qua
635 823 723 868 nuno
755 809 804 870 est
827 803 1049 888 Spithridates,
1072 805 1104 869 id
1129 809 1236 870 autem
1259 825 1334 870 oum
1358 825 1457 872 anno-

328 924 397 984 tare
420 918 517 984 vellet
538 917 759 982 infelicissime
782 935 853 982 esse
876 917 1048 983 elocutum.
1071 917 1145 982 Hoc
1164 919 1259 1000 enim,
1280 923 1317 983 ut
1337 921 1457 1004 opinor,

328 1033 425 1097 homo
455 1032 489 1095 in
520 1033 628 1096 animo
658 1030 811 1096 habebat:
839 1027 882 1094 ὅτι
905 1027 957 1094 καὶ
982 1030 1112 1111 Ἀριαῖος
1136 1029 1312 1107 πολεμῆσαι
1336 1030 1460 1108 βασιλεῖ

327 1137 409 1215 αὖθις
443 1144 532 1225 φίλος
565 1141 617 1207 καὶ
652 1141 756 1215 πιστθς
789 1141 913 1220 ἐγένετο.
946 1143 1070 1208 Revera
1099 1148 1207 1208 tamen
1239 1143 1280 1208 ad
1302 1145 1455 1212 Ariaeum

328 1258 456 1322 transiit
498 1255 719 1340 Spithridatas,
760 1256 848 1340 quod
888 1254 1131 1320 Pharnabazum
1167 1257 1303 1320 nimium
1340 1256 1456 1342 oderat,

328 1371 437 1435 nuhaa
470 1374 577 1434 autem
601 1368 699 1453 Regis
722 1370 831 1453 copiae
854 1369 988 1453 propius
1011 1367 1152 1452 aberant,
1177 1388 1273 1451 quam
1298 1387 1363 1453 eae,
1386 1370 1456 1453 qui-

330 1484 391 1549 bus
415 1488 562 1569 praeerat
582 1484 729 1548 Ariaeus.

373 1597 398 1680 l,
424 1598 475 1660 29.
499 1596 738 1680 Apollophanes
760 1595 949 1677 Cyzicenus,
968 1596 1066 1661 simul
1085 1604 1117 1662 et
1127 1596 1329 1662 Pharnabazi
1340 1598 1456 1681 hospes

330 1715 361 1774 et
384 1709 537 1793 Agesilai,
559 1709 635 1772 huio
658 1708 737 1772 dicit
758 1728 793 1773 se
810 1727 908 1793 posse
931 1708 1177 1774 Pharnabazum
1201 1710 1241 1774 ad
1261 1709 1457 1793 colloquium

329 1822 369 1888 de
403 1841 481 1906 pace
517 1820 699 1886 habendum
733 1822 899 1886 adducere.
931 1822 968 1894 ὡς
998 1821 1030 1886 δὲ
1059 1819 1179 1894 ἤκουσεν
1202 1822 1304 1894 αὐτοῦ,
1327 1821 1457 1894 σπονδὰς

328 1934 432 2012 λαβὼν
460 1932 513 1998 καὶ
545 1931 643 2008 δεξιὰν
674 1940 768 2015 παρῆν
797 1931 879 2011 ἄγων
910 1935 958 2000 τὸν
983 1933 1179 2014 Φαρνάβαζον
1202 1934 1242 2007 εἷς
1265 1935 1456 2013 συγκείμενον

329 2047 441 2128 χωρίον.
466 2049 601 2133 Aliquid
624 2049 700 2112 huic
725 2050 901 2114 sententiae
924 2050 1035 2114 deesse
1059 2051 1213 2134 suspicor.
1233 2048 1350 2114 Verbis
1368 2051 1456 2114 enim

329 2159 458 2232 σπονδὰς
491 2157 543 2224 καὶ
574 2156 681 2234 aazias,
714 2165 751 2226 ut
773 2163 895 2245 opinor,
918 2161 1120 2246 significatur
1141 2162 1222 2226 fides
1245 2181 1302 2246 per
1324 2162 1456 2246 Apollo·

328 2275 464 2358 phanem
489 2273 700 2338 Pharnabazo
723 2275 805 2357 data,
827 2276 1120 2358 iusqueiurandum
1143 2275 1224 2340 nihil
1247 2275 1361 2340 hostile
1385 2293 1458 2358 pas-

331 2405 442 2450 surum
474 2385 731 2469 Pharnabazum,
762 2389 790 2451 si
820 2387 861 2452 ad
884 2388 1071 2471 Agesilaum
1096 2389 1228 2453 venerit.
1251 2386 1383 2454 Lacuna
1405 2390 1454 2451 sio

329 2499 508 2584 supplenda
537 2500 681 2564 videtur:
711 2497 840 2570 σπονδὰς
863 2498 968 2576 λαβὼν
990 2498 1041 2564 καὶ
1062 2495 1159 2573 δεξιὰν
1187 2497 1323 2584 (οὶπῆλθε
1344 2497 1396 2562 καὶ
1420 2499 1454 2564 οὐ

328 2611 428 2692 πολλῷ
452 2607 586 2697 ὕστερον)
612 2617 707 2693 παρῆν
729 2609 811 2689 ἄγων
833 2611 882 2676 τὸν
906 2621 940 2676 Φ.

371 2726 397 2808 Ι,
421 2726 472 2790 30.
503 2726 675 2810 Agesilaus
703 2745 777 2790 cum
802 2727 1012 2810 trigintaviris
1036 2728 1105 2791 suis
1129 2726 1374 2792 Pharnabazum
1399 2747 1456 2792 ex-

328 2845 449 2923 spectat
477 2840 569 2903 humi
601 2840 716 2904 sedens
739 2842 774 2904 in
799 2839 905 2904 herba.
928 2840 1072 2904 Advenit
1094 2839 1323 2906 Pharnabazus
1346 2861 1457 2926 sump-

327 2958 421 3017 tuosa
444 2957 531 3016 veste
555 2952 699 3015 amictus
724 2949 912 3014 ὑποτιθέντων
934 2950 966 3015 δὲ
985 2953 1066 3032 αὐτῷ
1085 2955 1142 3016 τῶν
1154 2950 1331 3029 θεραπόντων
1343 2951 1455 3033 ρἀπτα,

328 3065 378 3146 ἐφ’
410 3059 446 3128 ὧν
475 3063 637 3144 καθίζουσιν
669 3064 693 3128 οἱ
716 3063 825 3144 Πέρσαι
848 3069 1005 3140 μαλακῶς,
1030 3065 1162 3146 ῆσχύνθιρ
1185 3065 1365 3146 ἐντρυφῆσαι
1388 3066 1456 3146 ὁρῶν

327 3183 378 3242 τοῦ
413 3176 597 3255 Ἀγνσιλοθου
630 3177 684 3250 τῆν
719 3175 909 3257 φαυλότατα.
944 3177 1164 3262 Compositum
1195 3179 1374 3259 ἐντρυφῆσαι
1403 3159 1479 3244 hio

327 3295 438 3358 minus
472 3297 544 3376 apte
578 3293 720 3376 positum
759 3292 900 3356 videtur:
936 3292 967 3356 id
1001 3294 1088 3356 enim
1119 3312 1192 3358 cum
1225 3293 1332 3357 dativo
1362 3294 1456 3376 iungi

329 3408 409 3472 solet
429 3411 459 3472 et
483 3406 658 3490 significat:
682 3425 725 3470 ex
748 3407 919 3470 insolentia
939 3406 1079 3491 aliquem
1103 3407 1298 3472 contumelia
1319 3407 1454 3472 afficere.

328 3520 427 3585 Nulla
457 3526 564 3585 autem
596 3522 630 3583 in
663 3539 699 3584 eo
722 3520 837 3584 fuisset
860 3519 1062 3602 contumelia,
1085 3522 1113 3584 si
1136 3521 1290 3586 adversus
1312 3521 1457 3605 Agesilai

329 3635 564 3719 simplieitatem
586 3633 757 3698 barbarum
781 3634 901 3698 fastum
921 3635 1106 3698 retinuisset
1123 3632 1360 3700 Pharnabazus.
1372 3634 1456 3698 Sim-

329 3747 406 3832 plex
428 3767 503 3831 ergo
527 3751 675 3825 τρυφῆσαι
698 3746 936 3811 restituendum
962 3747 1096 3811 videtur.

372 3859 398 3942 I,
423 3863 474 3923 34.
498 3858 681 3943 Conquesto
704 3860 743 3923 de
761 3861 898 3941 iniuriis,
919 3858 1038 3943 quibus
1057 3861 1238 3924 immeritus
1258 3858 1455 3943 aSpartanis

328 3974 370 4036 sit
400 3973 540 4053 affectae,
571 3971 779 4036 Pharnabazo
803 3973 848 4035 ita
871 3973 1043 4056 respondet
1065 3972 1254 4056 Agesilaus:
1278 3971 1350 4035 ἀλλ’
1370 3965 1453 4048 οἶμαι

327 4082 382 4160 μέν
405 4106 449 4156 σε,
473 4078 494 4145 ὦ
519 4080 708 4163 Φαρνάβαζε,
733 4081 838 4147 εἰδέναι
860 4081 902 4146 ὅτι
925 4082 978 4147 καὶ
1003 4084 1032 4147 ἐν
1051 4091 1121 4148 ταῖς
1140 4084 1331 4157 Ἑλληνικαῖς
1351 4082 1455 4148 πόλεσι

329 4194 401 4272 ξένοι
424 4196 566 4268 clamosa
589 4195 739 4272 γίγνονται
763 4193 908 4276 ἄνθρωποι.
934 4191 1008 4260 οὗτοι
1030 4194 1071 4270 δὲ,
1096 4195 1166 4260 ὅταν
1190 4197 1222 4261 αἱ
1243 4195 1341 4269 πόλεις
1364 4196 1454 4262 πολέ·

330 4333 397 4389 μιαι
428 4308 577 4386 γένωνται,
608 4308 660 4371 σὺν
690 4316 760 4381 ταῖς
782 4308 898 4390 πατρίσι
921 4307 974 4373 καὶ
997 4316 1059 4381 τοῖς
1083 4306 1265 4388 ἐξενωμένοις
1289 4314 1454 4388 πολεμοῦσι
