3354 5268
761 603 802 664 39

222 785 281 862 μήν
319 787 459 871 legatur3
495 789 602 852 eadem
638 789 795 871 particula
830 788 904 851 libri
938 809 1112 872 paucarum
1147 793 1337 874 paginarum

222 901 395 984 abundant,
428 923 509 985 quae
539 904 572 964 in
604 903 703 966 multo
727 901 926 986 longioribus
949 905 1074 986 scriptis
1099 895 1152 968 est
1168 906 1336 968 rarissima.

222 1014 301 1091 Quis
333 1035 395 1080 non
428 1017 504 1080 talia
533 1017 645 1081 videns
677 1018 859 1098 audiensve‚
883 1036 917 1081 se
939 1019 1152 1082 certissimum
1177 1020 1337 1102 quoddam

220 1129 374 1192 indicium
399 1133 506 1192 tenere
531 1135 628 1212 putet,
653 1149 716 1213 quo
741 1149 836 1192 suum
861 1131 978 1212 cuique
1000 1131 1082 1193 libro
1104 1131 1337 1215 Xenophonteo

219 1241 326 1305 locum
350 1243 513 1326 assignet?
538 1241 590 1306 Me
609 1248 724 1318 tamen,
745 1244 773 1306 si
793 1261 856 1306 non
870 1245 1052 1307 coniectura
1063 1265 1133 1308 mea
1145 1245 1183 1308 de
1195 1245 1338 1310 Anabasi

220 1355 367 1439 bipertito
399 1356 482 1419 edita
514 1358 694 1420 accuratius
719 1376 839 1420 novum
863 1357 923 1420 hoc
946 1363 1171 1440 argumentum
1195 1361 1337 1442 aspicere

219 1471 375 1551 iussisset,
398 1470 621 1533 Teichmiilleri
644 1471 798 1553 coegisset
823 1473 1000 1534 auctoritas.
1022 1470 1055 1534 Is
1075 1473 1159 1534 enim
1180 1473 1224 1552 (in
1239 1473 1336 1536 altero

219 1583 384 1647 volumine
408 1585 670 1666 praestantissimi
691 1583 764 1646 libri
784 1583 822 1647 de
841 1583 952 1647 litibus
973 1585 1132 1666 literariis)
1154 1604 1218 1648 non
1231 1586 1335 1650 solum

219 1717 256 1760 eo
279 1699 415 1779 pretium
439 1695 729 1780 Dittenbergeriani
752 1698 874 1760 inventi
900 1717 1090 1781 magnopere
1112 1701 1237 1780 minuit,
1251 1700 1337 1783 quod

221 1810 298 1873 dioit
332 1814 371 1893 (p.
407 1812 469 1891 25),
504 1810 637 1874 subtiles
669 1811 826 1874 eiusmodi
858 1810 1095 1875 observationes
1127 1831 1183 1895 per
1214 1832 1248 1876 se
1272 1833 1336 1876 non

220 1923 335 1988 habere
357 1923 515 2003 τεκμηρίων
539 1927 612 2006 vim,
636 1924 690 1988 sed
715 1930 784 1988 tum
810 1925 938 1989 demum
958 1926 1079 2008 aliquid
1100 1927 1213 2007 valere,
1226 1929 1254 1990 si
1265 1927 1336 1991 aliis

218 2039 423 2121 argumentis,
446 2057 486 2101 ex
510 2039 612 2121 ipsius
635 2037 718 2120 libri,
743 2038 781 2101 de
802 2057 865 2121 quo
886 2041 998 2122 agitur,
1012 2039 1144 2102 consilio
1165 2040 1334 2119 accedant;

217 2171 329 2216 verum
360 2153 454 2214 etiam
486 2151 524 2215 de
555 2157 620 2214 tota
645 2153 798 2215 statistica
821 2153 942 2215 ratione
966 2152 1252 2235 prudentissimum
1274 2152 1336 2216 fert

218 2265 382 2328 iudicium.
405 2264 509 2348 Negat
528 2265 610 2328 enirn
633 2284 745 2328 verum
765 2283 843 2346 esse,
857 2264 942 2347 quod
956 2284 1065 2328 omnes
1078 2266 1111 2327 in
1126 2283 1179 2328 ore
1192 2264 1335 2346 habeant,

218 2377 257 2441 de
287 2376 493 2461 loquentibus
524 2378 667 2441 numeris
698 2376 920 2461 proverbium:
946 2383 1052 2441 mutos
1075 2379 1160 2440 enim
1185 2396 1335 2442 numeros

219 2511 304 2556 esse:
339 2489 490 2575 singulos
514 2491 600 2554 looos
627 2490 713 2554 unde
737 2496 969 2576 componantur
991 2492 1233 2575 interrogandos
1257 2511 1336 2574 esse,

216 2607 262 2669 ita
285 2605 412 2669 demum
437 2623 545 2668 vocem
572 2605 710 2688 aliquam
735 2604 805 2669 elici
825 2625 926 2689 posse.
947 2605 1021 2669 Feci
1042 2625 1116 2689 ergo
1130 2606 1335 2689 quodTeieh-

217 2720 371 2784 miillerus
407 2721 524 2783 suasit:
563 2718 724 2783 Anabasis
751 2720 899 2802 primum,
933 2719 1047 2783 deinde
1078 2717 1334 2783 Memorabilium

217 2852 328 2897 omnes
350 2833 437 2896 locos
461 2832 581 2915 collegi,
606 2831 662 2895 ubi
682 2831 742 2907 μήν
762 2834 901 2916 positum
921 2838 977 2914 est,
990 2832 1029 2896 de
1049 2833 1176 2896 illorum
1189 2833 1334 2896 locorum

217 2949 374 3011 sententia
398 2965 523 3011 mecum
548 2947 694 3030 cogitavi,
715 2947 750 3008 iu
776 2945 893 3029 quibus
912 2946 1067 3010 librorum
1087 2946 1231 3030 partibus
1251 2947 1335 3030 lege-

216 3067 329 3125 rentur
353 3060 530 3141 observavi,
551 3059 632 3123 nihil
653 3059 790 3142 neglexi,
810 3059 896 3142 quod
916 3078 967 3122 me
986 3059 1196 3142 reputantem,
1217 3057 1333 3122 delibe-

216 3180 348 3254 rantem,
384 3179 619 3256 comparantem
651 3173 771 3256 aliquid
804 3173 915 3235 dooere
944 3178 1059 3255 posset,
1083 3172 1184 3235 donec
1206 3172 1332 3235 tandem

215 3289 248 3352 id
272 3295 421 3369 tenerem,
441 3287 527 3371 quod
547 3287 626 3349 mihi
638 3287 832 3350 satisfaceret
844 3292 1030 3369 certumque
1043 3286 1212 3350 videretur.
1225 3287 1334 3369 Atque

217 3420 328 3466 vereor
362 3401 492 3484 quidem
525 3400 672 3483 proloqui
707 3401 896 3464 sententiam
929 3417 1048 3462 meam:
1081 3397 1213 3462 videbor
1247 3400 1333 3462 enim

218 3516 339 3600 aliquid
359 3516 488 3578 honoris
509 3515 672 3578 detrahere
691 3515 720 3578 ei
742 3514 913 3594 doctrinae,
933 3533 1015 3596 quae
1035 3530 1122 3576 nunc
1141 3515 1284 3576 maxima
1303 3521 1334 3577 et

216 3629 282 3693 fere
317 3633 517 3693 sacrosancta
546 3631 686 3713 putetur,
716 3626 772 3690 sed
803 3627 905 3710 pluris
927 3626 1072 3711 facienda
1096 3627 1211 3690 veritas
1237 3646 1333 3709 quam

217 3743 362 3826 aliorum,
386 3743 480 3806 etiam
505 3761 703 3806 summorum
723 3721 1069 3829 virorumrererentia.
1082 3738 1233 3804 Persuasi
1246 3740 1333 3821 mihi,

217 3875 322 3940 neque
356 3856 434 3919 mihi
468 3861 609 3939 poteram
645 3873 711 3917 non
745 3837 946 3938 persuadere,
973 3851 1210 3933 particulorum
1239 3852 1332 3915 istam

217 3969 418 4034 collectionem
451 3967 572 4032 nullius
603 3967 697 4047 pretii
730 3987 804 4049 esse,
837 3971 867 4030 et
897 3965 1098 4046 Roqaetta'um
1129 3963 1244 4027 montis
1266 3964 1333 4026 sais

216 4082 431 4163 conponendis
466 4120 506 4127 —
538 4101 610 4144 nam
644 4081 682 4144 de
713 4079 955 4163 Dittenbergern
978 4080 1112 4161 eiusque
1136 4078 1175 4141 de
1199 4077 1332 4140 Platone

217 4196 493 4282 disquisitionibus
529 4195 607 4257 nihil
642 4194 774 4258 definire
807 4194 908 4256 audeo
941 4230 982 4238 -
1006 4211 1131 4271 operum
1150 4191 1331 4270 perdidisse.

261 4310 336 4375 Iure
359 4286 433 4394 ergo
457 4330 475 4373 a
498 4328 549 4373 me
571 4310 689 4392 petitur
713 4312 749 4370 ut
768 4325 937 4391 exponam,
957 4325 1021 4389 quo
1043 4304 1136 4368 modo
1151 4304 1334 4388 quibusque
