3330 5262
745 594 811 658 851:

214 779 290 844 dum
321 797 408 844 esse:
434 777 492 843 ubi
515 780 543 843 si
566 779 757 843 collocatum
787 781 857 860 erit,
880 779 988 844 nescio
1013 798 1054 842 an
1078 778 1244 844 vocabuhs
1265 783 1343 842 ‘roa-

217 889 294 963 λούς,
327 889 418 960 τινάς,
451 891 572 973 aliisve,
601 910 685 974 quae
712 892 878 956 nonnullis
903 890 1013 956 deesse
1037 893 1106 956 visa
1129 893 1215 975 sunt,
1239 911 1347 957 carere

217 1005 388 1087 possimus.

259 1116 316 1200 IV,
360 1117 477 1180 9-11,
521 1115 611 1192 Quae
646 1117 686 1182 de
720 1116 865 1181 Corinthi
901 1119 1140 1202 oppugnatione
1174 1122 1347 1182 narrantur

217 1228 445 1294 obscurissima
487 1235 577 1312 sunt,
609 1250 715 1314 neque
757 1231 936 1314 quidquam
971 1231 1055 1296 lucis
1090 1231 1180 1296 affert
1213 1230 1347 1295 Diodori

216 1341 316 1407 Siculi
350 1346 490 1408 narratio
527 1343 631 1427 (XIV,
662 1345 726 1426 86).
761 1343 851 1420 Quae
874 1349 981 1410 autem
1014 1344 1112 1410 verba
1134 1363 1212 1429 prae
1234 1343 1347 1409 ceteris

216 1455 395 1519 molestiam
419 1457 499 1520 mihi
520 1458 648 1540 pariant
670 1459 782 1541 paucis
805 1456 970 1522 indicabo:

262 1566 498 1633 Corinthiorum
533 1568 557 1632 οἱ
587 1567 808 1650 Ἀργολΐζοντες
843 1571 985 1656 Argivos
1010 1572 1095 1635 intra
1117 1571 1244 1634 moenia
1266 1571 1347 1633 reci·

215 1683 318 1765 piunt,
342 1682 599 1748 adversariorum
624 1684 704 1749 ahos
728 1685 893 1749 trucidant
918 1686 998 1750 alios
1022 1687 1057 1749 in
1081 1684 1217 1749 exilium
1237 1685 1347 1768 expel-

216 1795 297 1859 lunt
331 1795 399 1859 Iam
433 1816 499 1860 non
534 1795 707 1862 Corinthus
743 1796 799 1862 sed
833 1799 939 1882 Argos
972 1797 1051 1863 urbs
1082 1798 1276 1861 nominatur.
1307 1794 1346 1860 Id

216 1909 358 1992 graviter
386 1907 525 1975 ferentes
557 1909 787 1995 Spartanorum
820 1912 950 1994 quidam
982 1912 1086 1992 amici,
1118 1909 1177 1993 qui
1207 1909 1243 1972 in
1265 1907 1346 1972 urbe

217 2028 443 2095 remanserant,
467 2022 698 2107 Spartanorum
721 2025 882 2089 auxilium
905 2024 1086 2108 implorant,
1106 2018 1226 2105 eosque
1246 2023 1347 2086 intro-

217 2135 341 2200 ducunt
369 2137 455 2200 intra
486 2139 620 2220 moenia,
644 2157 726 2221 quae
750 2137 863 2202 urbem
888 2157 963 2201 eum
986 2136 1129 2201 Lechaeo
1152 2140 1248 2220 portu
1272 2137 1345 2199 iun-

216 2254 306 2332 gunt
339 2247 410 2324 Quo
432 2254 539 2314 autem
566 2251 660 2314 modo
682 2249 723 2314 ab
748 2270 786 2315 eo
810 2256 954 2334 tempore
976 2249 1001 2313 οἱ
1022 2246 1244 2328 Ἀργολίζοντες
1266 2253 1299 2312 et
1321 2246 1346 2314 oi

216 2359 434 2440 Λακωνίζοντες
463 2362 584 2427 fuerint
614 2363 762 2446 dispositi
795 2364 963 2447 exipsius
986 2362 1211 2445 Xenophontis
1236 2381 1347 2426 narra·

216 2476 308 2540 tione'
327 2477 478 2560 cognosci
501 2481 615 2560 potest,
638 2482 790 2560 patetque
816 2496 859 2542 ex
881 2475 1025 2540 subiecta
1046 2475 1173 2540 abula:

694 2687 876 2754 Lechaeum

368 2836 511 2888 Dexterum
528 2849 609 2888 cornu
930 2835 1073 2888 Sinistrum
1089 2851 1171 2888 cornu

291 3113 309 3154 ω’

767 3253 795 3372 l
1017 3398 1021 3405 .

284 3207 309 3226 -fl

292 3246 309 3278 a

1260 3165 1278 3206 ω’

1252 3224 1278 3242 m

1253 3259 1279 3278 Η

269 3294 310 3332 ¹⁴¹³

1256 3339 1278 3364 qa

283 3701 309 3951 Murus
284 3335 309 3643 occiden

1253 3641 1279 3896 Murus
1253 3380 1279 3593 orien
1261 3293 1278 3325 a

771 3679 801 3831 l

683 4097 889 4110 *ιρι-..ιι-

375 4150 517 4202 Sinistrum
536 4165 617 4202 cornu
952 4147 1094 4198 Dexterum
1111 4159 1192 4196 cornu

739 4289 835 4356 Urbs.
