3348 5262
770 642 833 706 221
897 686 901 694 -

233 828 311 891 mihi
335 829 405 892 eius
430 829 478 892 rei
501 847 560 892 sex
582 831 771 912 argumente
794 827 879 891 haud
904 827 1083 911 spernenda
1106 827 1217 892 afferre
1241 846 1339 912 posse

278 940 302 1004 I
326 941 425 1024 Apud
451 939 698 1024 Xenophontem
722 943 877 1005 convivae
901 940 939 1005 de
962 942 1060 1004 variis
1083 939 1179 1005 rebus
1202 939 1358 1005 confabu-

234 1053 350 1128 lantur,
381 1055 464 1117 seria
496 1052 696 1137 ridiculaque
727 1054 869 1130 miscent,
893 1055 981 1116 omni
1011 1055 1156 1117 iocorum
1178 1072 1296 1136 genere
1325 1071 1360 1116 se

232 1169 372 1232 invicem
397 1171 519 1252 petunt,
542 1168 670 1232 tandem
695 1168 782 1231 solus
806 1167 950 1231 Socrates
975 1167 1014 1231 de
1038 1167 1156 1230 Amore
1182 1168 1361 1241 orationem

232 1281 335 1363 habet,
359 1300 493 1365 eamque
516 1283 592 1345 satis
615 1281 733 1345 exilem
751 1283 975 1364 ieiunamque;
998 1281 1084 1364 apud
1098 1280 1265 1344 Platonem
1277 1298 1360 1343 vero

233 1393 272 1458 de
297 1395 386 1458 nulla
409 1395 471 1458 alia
494 1414 527 1458 re
551 1396 673 1478 agitur3
698 1414 756 1479 pro
780 1396 848 1458 suis
873 1396 1013 1479 quisque
1034 1393 1242 1457 facultatibus
1270 1394 1364 1476 inge-

234 1509 355 1591 nioque
377 1509 416 1572 de
440 1528 505 1571 uno
528 1508 584 1571 illo
608 1513 796 1592 argumento
819 1509 904 1589 dicit,
923 1510 957 1571 in
977 1507 1097 1572 Amore
1108 1507 1268 1571 laudando
1280 1507 1365 1570 inter

234 1638 269 1683 se
304 1625 434 1702 certant,
468 1640 580 1685 omnes
615 1623 715 1685 vincit
753 1620 898 1686 Socrates
931 1621 1083 1704 docendo,
1115 1622 1172 1704 qui
1203 1621 1246 1684 sit
1267 1639 1364 1684 verus

234 1733 536 1818 philosophicosque
559 1736 670 1818 Amor,
695 1741 791 1819 atque
814 1734 958 1818 artifici0,
983 1735 1069 1818 quod
1093 1735 1272 1798 humanum
1296 1752 1365 1796 mo-

237 1845 315 1910 dum
338 1847 471 1930 excedit,
493 1848 651 1932 perfectae
673 1849 831 1913 felicitatis
857 1854 888 1913 et
911 1850 1086 1933 sapientiae
1106 1852 1225 1912 statum
1248 1848 1366 1911 descri-

237 1958 292 2042 bit,
316 1955 380 2042 quo
402 1961 457 2025 ille
478 1961 580 2025 Amor
598 1963 744 2026 homines
766 1961 827 2026 sibi
846 1964 975 2046 penitus
989 1962 1111 2026 deditos
1125 1962 1240 2025 ducere
1253 1961 1365 2044 possit.

238 2069 319 2146 Quis
349 2077 456 2138 autem
487 2095 633 2159 unquam
659 2077 704 2138 ita
727 2077 830 2139 alieno
853 2075 935 2138 libro
959 2095 1057 2139 suum
1081 2093 1239 2159 opponere
1266 2092 1365 2137 ausus

236 2190 293 2268 est,
316 2191 354 2250 ut
375 2187 488 2251 leviter
510 2191 690 2273 raptimque
711 2189 792 2253 illud
811 2194 1037 2274 argumentum
1056 2190 1235 2272 attingeret,
1247 2189 1281 2250 in
1297 2207 1364 2270 quo

236 2303 301 2363 tota
324 2301 497 2365 adversarii
520 2321 610 2366 mens
633 2308 758 2366 versata
781 2308 873 2384 esset,
898 2303 1048 2386 quodque
1071 2307 1134 2365 tam
1154 2300 1289 2364 feliciter
1307 2301 1364 2363 ille

234 2417 467 2495 pertractasset,
500 2419 537 2478 ut
571 2417 706 2478 summis
739 2415 890 2480 laudibus
924 2433 1115 2500 summaque
1150 2415 1361 2478 admiratione

238 2527 360 2590 nemini
382 2547 448 2590 non
473 2527 590 2612 dignus
615 2529 801 2593 videretur?
824 2529 940 2594 Nonne
963 2534 1071 2593 tamen
1093 2529 1127 2592 id
1149 2528 1277 2592 fecisset
1294 2526 1361 2591 Xe-

237 2640 377 2723 nophon,
401 2641 429 2704 si
452 2639 613 2705 Socratem
640 2642 679 2706 de
702 2643 821 2707 Amore
844 2643 1060 2726 disputantem
1083 2642 1265 2706 inducendo
1286 2640 1360 2705 Pla-

237 2753 379 2816 tonicum
407 2750 598 2817 Conuiuium
620 2755 834 2838 perstringere
855 2760 990 2820 conatus
1012 2755 1120 2820 esset?

283 2865 325 2928 H.
358 2866 457 2950 Apud
490 2866 656 2931 Platonem
689 2870 767 2932 haec
795 2869 965 2953 leguntur:
998 2865 1050 2932 nal
1073 2865 1246 2946 μαχόμενοί
1266 2890 1303 2943 γε
1324 2865 1362 2929 ἂν

240 2977 308 3054 μετ’
339 2977 479 3052 αλλήλων
510 2979 534 3043 οἱ
562 2984 681 3044 τοιοῦτοι
705 2981 799 3061 νικῷεν
823 2980 859 3044 ἂν
882 2980 972 3059 ὀλίγοι
995 2979 1083 3054 ὄντες,
1108 2981 1145 3054 ὥς
1169 2978 1237 3052 ἔπος
1260 2980 1361 3054 εἰπεῖν,

238 3088 357 3158 πάντας
375 3091 554 3172 culpatorum
575 3093 680 3158 verbis
704 3099 810 3159 autem
830 3093 854 3158 oi
871 3098 990 3159 τοιοῦτον
1004 3094 1226 3179 significantur
1238 3094 1349 3175 ἕραττα

237 3202 344 3267 τεκαὶ
368 3203 499 3268 παιδικά.
524 3205 587 3270 Hic
610 3207 701 3272 locus
724 3210 831 3272 statim
851 3209 1028 3292 unicuique
1047 3209 1082 3271 in
1099 3213 1239 3274 mentem
1251 3211 1362 3274 venire

238 3316 340 3401 debet,
371 3319 427 3402 qui
459 3321 545 3404 apud
575 3319 825 3404 Xenophontem
855 3321 949 3405 legit:
973 3321 1065 3386 καίτοι
1089 3321 1263 3394 Παυσανίας
1289 3346 1326 3400 γε
1349 3319 1362 3385 ὃ

238 3427 406 3507 Ἀγάθωνος
437 3434 487 3494 τοῦ
513 3435 632 3504 ποιητοῦ
657 3431 781 3513 ἐραστὴς
803 3433 1039 3512 ἀπολογούμενος
1062 3433 1131 3516 ὑπὲρ
1156 3439 1212 3499 τῶν
1235 3435 1362 3518 ἀκρασία

238 3541 527 3621 συγκαλινδουμένων
558 3544 723 3627 (Cobetusz
755 3547 884 3633 ἐγκαλ.)
918 3545 1024 3630 εἴρηκεν
1055 3550 1092 3622 ὥς
1114 3547 1168 3614 καὶ
1192 3547 1365 3632 στράτευμα

237 3653 447 3732 ἀλκιμώτατον
482 3655 519 3721 ἂν
553 3657 662 3737 γένοιτο
691 3660 723 3723 ἐκ
754 3660 893 3724 παιδικῶν
923 3685 956 3725 τε
987 3662 1036 3726 καὶ
1059 3663 1186 3743 ἐραστῶν
1211 3664 1248 3746 (c.
1271 3663 1366 3746 VIII,

239 3767 258 3850 ξ
294 3771 354 3850 32).
390 3769 482 3854 Olim,
517 3791 591 3836 cum
626 3773 808 3858 Xenophon
843 3775 1010 3840 Platonem
1040 3779 1270 3860 reprehendere
1303 3797 1361 3842 suo

241 3881 395 3948 convivio
418 3885 561 3951 voluisse
582 3888 680 3971 vulgo
704 3890 892 3967 crederetur,
917 3891 978 3955 viri
998 3892 1083 3955 docti
1104 3891 1209 3955 dicere
1222 3891 1367 3955 solebant

239 3997 462 4080 (nequeenim
486 4001 577 4064 aliter
600 4002 759 4085 explicare
784 4007 939 4087 poterant,
963 4023 1046 4088 quae
1066 4005 1150 4069 inter
1168 4005 1263 4087 locos,
1282 4023 1364 4088 quos

238 4111 342 4193 citavi,
371 4112 579 4178 intercederet
609 4117 699 4195 ratio)
723 4135 789 4179 non
811 4116 1014 4199 Pausaniam,
1039 4118 1095 4182 sed
1118 4119 1225 4201 ipsum
1252 4117 1359 4181 Plato-

239 4241 314 4286 nem
347 4244 366 4288 a
398 4223 614 4310 Xenophonte
644 4230 823 4312 perstringi.
848 4229 886 4293 Id
910 4249 1024 4294 verum
1047 4232 1074 4294 si
1098 4235 1191 4313 esset,
1215 4231 1363 4295 miraculi

238 4337 341 4402 instar
373 4345 465 4421 esset,
498 4341 532 4404 in
564 4343 693 4407 nomine
723 4342 910 4408 adducendo
939 4343 1194 4428 aXenophonte
1217 4364 1358 4410 errorem
