3330 5262
727 611 789 674 317

192 795 276 858 enim
304 795 356 858 hic
379 793 510 858 affertur
532 797 618 858 aetas
642 795 814 860 mulieris?
838 793 919 858 Tum
944 796 1075 859 demum
1099 795 1209 858 aetatis
1233 814 1318 860 com·

193 909 377 971 memoratio
399 907 530 990 aliquod
554 911 754 970 momentum
767 907 898 971 adderet
911 909 1097 988 narrationi,
1110 909 1138 972 si
1151 907 1318 972 mulierem

192 1019 390 1084 interfectam
423 1039 492 1084 esse
524 1039 797 1104 cognosceremus
829 1041 929 1104 quum
962 1021 1002 1084 ad
1027 1041 1185 1085 summam
1210 1039 1319 1104 perve-

192 1135 294 1198 nisset
324 1137 530 1197 senectutem.
562 1132 641 1208 Quis
665 1139 773 1198 autem
796 1135 1011 1217 grandaevam
1034 1139 1126 1216 putet
1149 1133 1317 1198 mulierem

195 1247 477 1330 quadraginta
510 1248 692 1311 annorum?
727 1247 875 1311 Ridicule
898 1266 972 1330 ergo
997 1246 1152 1310 vocabulo
1176 1243 1319 1324 rerrapat-

192 1381 282 1422 κοοτοο
316 1359 504 1424 adverbium
539 1357 593 1432 ἤδη
627 1361 763 1424 additur.
799 1359 861 1424 Sed
896 1361 991 1424 etiam
1023 1359 1051 1423 si
1083 1358 1163 1422 illud
1187 1357 1320 1439 abesset,

193 1475 338 1556 ineptum
370 1477 454 1536 esset
482 1473 527 1536 ita
557 1492 704 1537 narrare:
733 1493 778 1552 „a
801 1491 918 1555 genero
942 1471 1049 1536 Mania
1072 1471 1239 1536 interfecta
1264 1476 1320 1552 est,

195 1605 296 1668 quum
338 1585 412 1668 plus
447 1605 543 1668 quam
579 1585 789 1668 qnadraginta
823 1603 925 1648 annos
959 1589 1034 1648 nata
1068 1583 1188 1648 66661.”’
1217 1582 1319 1647 Nemo

195 1700 290 1780 enim,
314 1703 351 1762 ut
373 1700 496 1782 opinor,
519 1702 653 1763 aetatem
676 1697 821 1762 mulieris
846 1698 927 1761 66116
951 1699 1046 1781 cupit.
1069 1695 1215 1771 Quidni?
1237 1694 1320 1770 Quia

194 1811 347 1876 traditum
377 1830 442 1874 non
474 1816 530 1893 est,
562 1831 627 1895 qua
659 1816 744 1875 esset
764 1815 875 1893 aetate,
899 1831 1001 1895 quum
1026 1811 1121 1875 Zenis
1145 1811 1229 1876 diem
1253 1809 1318 1873 obi·

194 1932 252 2006 ret,
286 1926 421 2008 ipsaque
455 1924 494 1987 ad
529 1924 699 2006 imperium
735 1925 865 1988 veniret.
898 1922 970 1988 Hoc
1001 1925 1097 2005 enim,
1129 1929 1166 1986 ut
1197 1924 1320 2006 opinor,

194 2039 370 2101 narrationi
405 2037 501 2118 deest,
532 2037 592 2100 hoo
622 2037 720 2100 taceri
751 2041 893 2100 attentus
915 2037 1014 2100 166161
1037 2055 1103 2100 nou
1126 2040 1231 2119 potest
1255 2055 1340 2118 non

194 2151 312 2232 mirari,
335 2149 488 2230 quamdiu
509 2148 629 2212 femina
652 2149 738 2211 virili
760 2150 890 2231 ingenio
914 2148 1080 2227 imperium
1099 2148 1236 2230 repiouis
1245 2167 1322 2211 suae

193 2262 370 2327 obtinuerit.
395 2261 530 2326 Gravem
554 2280 628 2346 ergo
652 2261 756 2325 labem
779 2261 866 2324 hunc
888 2261 994 2324 locum
1020 2263 1222 2325 contraxisse
1242 2261 1320 2324 mihi

194 2381 327 2458 constat,
365 2396 447 2460 quae
482 2394 546 2458 quo
580 2375 675 2438 modo
711 2375 752 2438 sit
787 2374 929 2439 sananda
965 2393 1028 2437 non
1061 2375 1226 2457 perspicio.
1258 2373 1321 2437 Fac

195 2491 281 2554 enim
313 2508 371 2573 pro
406 2485 492 2560 οὕοιςς
524 2489 600 2551 olim
631 2488 749 2551 lectum
781 2487 882 2551 fuisse
913 2487 1045 2570 aliquid,
1061 2487 1157 2570 ¹quod
1186 2491 1321 2569 tempus,

194 2621 252 2686 per
282 2602 370 2686 quod
393 2601 519 2666 Aeolidi
543 2600 679 2684 praefuit
701 2599 817 2682 Mania,
840 2600 1005 2678 indicaret,
1027 2600 1060 2663 id
1084 2604 1132 2664 est
1155 2604 1211 2663 aut
1234 2601 1321 2664 exci-

195 2717 280 2780 disse
311 2716 340 2778 ἑν
369 2715 449 2794 ἀρχῇ
481 2715 543 2796 (161
566 2715 725 2779 eiusmodi
749 2714 890 2797 aliquid),
917 2709 1082 2786 autricae
1107 2714 1185 2775 vitio
1209 2716 1322 2775 uatum

195 2848 265 2894 6666
298 2847 340 2892 ex
376 2828 437 2891 alio
472 2828 638 2910 participio
670 2829 706 2905 (e.
729 2847 775 2909 gr.
806 2821 959 2907 οὶρξοίσιςς),
989 2830 1095 2889 tamen
1126 2825 1162 2887 in
1185 2843 1321 2888 numero

196 2960 326 3025 quoqne
363 2937 582 3020 τεττοοροὶκοντοο
616 2943 782 3023 peccatum
817 2957 887 3002 6666
921 2937 1128 3002 manifestum
1162 2942 1217 3001 est.
1255 2937 1324 3002 Aut
1397 2945 1399 2950 '

195 3057 281 3120 euim
316 3055 424 3118 minus
458 3059 515 3117 ant
547 3057 631 3117 66116
665 3072 731 3116 non
765 3052 839 3136 plus
873 3051 1077 3130 septendecim
1112 3070 1214 3114 annos
1250 3055 1323 3134 post

195 3169 303 3231 mariti
329 3167 497 3232 decessum
520 3184 655 3249 regnare
678 3165 781 3248 potuit
804 3162 920 3227 Mania.
942 3163 981 3227 Id
1005 3165 1092 3228 enim
1116 3164 1230 3226 aetatis
1256 3167 1337 3228 erat

195 3280 292 3364 filius,
316 3299 413 3363 quem
437 3299 510 3342 eum
534 3283 635 3342 matre
658 3278 800 3342 occisum
826 3296 896 3342 esse
915 3277 978 3356 hoc
994 3278 1064 3360 ipso
1085 3277 1155 3340 loco
1175 3277 1324 3359 legimus.

240 3393 266 3475 I,
293 3393 342 3456 16.
366 3392 468 3456 Paulo
489 3397 562 3476 post
581 3391 722 3454 Maniam
732 3390 931 3455 interfectam
944 3390 1183 3472 imperiumque
1196 3408 1214 3451 a
1227 3387 1324 3451 Midia

198 3511 398 3589 occupatum,
421 3503 609 3585 Dercylidas
633 3523 707 3567 oum
730 3504 873 3568 exercitu
898 3501 1053 3585 Spartano
1076 3504 1112 3564 in
1133 3520 1202 3564 eam
1222 3503 1325 3584 regio·

197 3639 270 3683 nem
295 3620 390 3682 venit
413 3615 465 3681 uui
488 3615 569 3688 εὐθὺς
592 3614 647 3694 μὲν
670 3615 698 3678 ἕν
723 3619 779 3696 μιᾷ
803 3612 900 3696 ἡμέρᾳ
923 3612 1056 3693 Aeternam
1079 3610 1131 3676 κοοὶ
1155 3607 1323 3688 Ἀμοοξοτὸν

196 3729 248 3795 aui
284 3729 419 3802 Κολώνοος
453 3729 509 3801 τοὶς
544 3726 767 3799 ἐπιθαλαττίους
797 3725 895 3798 πόλεις
926 3725 1049 3796 ἓκούοοος
1083 3722 1238 3804 supinatis
1260 3722 1324 3786 κτὲ.

197 3847 370 3918 Pueriliter
402 3847 520 3909 iterum
554 3845 607 3907 hic
641 3848 674 3908 et
704 3844 835 3905 nomina
866 3842 997 3905 urbium
1031 3842 1262 3903 enumerantur
1293 3841 1324 3902 et

198 3961 374 4024 marttimas
399 3977 452 4022 eas
476 3957 575 4022 fuisse
600 3956 781 4040 explicandi
800 3956 901 4038 gratia
921 3952 1056 4017 additur.
1078 3951 1216 4015 Brevius
1238 3951 1323 4014 enim

197 4072 365 4138 intercedit
389 4073 526 4156 spatium
550 4073 634 4135 inter
656 4070 743 4133 hunc
762 4071 869 4132 locum
889 4067 1162 4150 superioremque,
1175 4082 1239 4146 qno
1251 4063 1324 4126 illas

198 4207 217 4251 a
247 4186 356 4249 Mania
385 4185 534 4249 subactas
557 4203 627 4248 6666
649 4183 793 4264 traditur,
818 4201 915 4265 quam
939 4184 976 4244 ut
1000 4199 1080 4262 opus
1106 4179 1151 4242 sit
1171 4176 1269 4240 simul
1293 4180 1324 4239 et

197 4302 329 4365 nomina
352 4305 383 4365 et
406 4300 504 4364 situm
527 4317 637 4362 earum
660 4297 770 4361 lectori
793 4297 829 4358 in
852 4294 1038 4358 memoriam
1061 4309 1219 4355 revocare.
1238 4289 1322 4354 Satis
