3330 5262
889 582 953 646 330

358 769 506 835 lumdum
541 766 732 833 emendandi
764 785 919 831 conamen
954 765 1084 848 vidisse,
1118 765 1206 849 quod
1237 766 1315 828 satis
1338 765 1481 848 placeret

401 881 461 964 111,
484 881 602 946 8-10.
625 879 773 944 Narratio
796 879 836 942 de
859 878 942 961 dolo,
964 897 1028 961 quo
1049 878 1158 961 ephori
1179 878 1232 942 usi
1251 882 1337 960 sunt,
1358 881 1396 941 ut
1415 878 1482 942 sine

356 994 500 1059 tumultu
523 992 666 1057 Oinadon
691 992 845 1076 prehendi
868 995 984 1075 posset,
1002 1011 1067 1056 non
1092 990 1217 1054 videtur
1235 989 1308 1055 labe
1328 991 1481 1054 immunis

357 1125 445 1172 esse:
476 1111 561 1170 certe
590 1124 660 1169 eam
687 1106 751 1168 iam
775 1104 851 1168 olim
877 1104 960 1168 male
982 1104 1177 1168 intellectam
1200 1122 1270 1168 esse
1294 1122 1373 1168 mor
1395 1103 1480 1166 vide-

357 1219 473 1283 bimus.
495 1218 642 1282 Primum
667 1217 808 1300 quaein
831 1216 890 1280 hac
913 1235 948 1280 re
971 1218 1084 1282 uxoris
1105 1215 1278 1280 Oinadonis
1298 1221 1406 1298 partes
1419 1218 1480 1280 sint

357 1332 490 1396 minime
518 1334 568 1394 est
598 1331 814 1413 perspicuum.
846 1328 1021 1394 Praetexta
1045 1348 1126 1413 opus
1149 1333 1225 1412 crat,
1249 1347 1314 1412 quo
1338 1327 1480 1393 Ginadon

356 1463 431 1508 cum
462 1443 540 1508 viris
563 1444 703 1524 armatis,
727 1443 784 1526 qui
806 1459 879 1506 eum
903 1441 1185 1525 deprehenderent,
1208 1461 1250 1506 ex
1275 1440 1354 1506 urbe
1378 1442 1480 1506 mitte·

355 1561 454 1637 retur,
483 1555 540 1620 sed
569 1575 696 1637 uuus,
726 1559 763 1618 ut
793 1555 915 1637 opinor,
936 1559 1122 1638 praetextus
1146 1553 1333 1618 sufficiebat.
1358 1553 1479 1618 Deinde

357 1668 436 1751 quid
459 1666 556 1732 verba
579 1666 595 1737 ἡ
618 1664 765 1736 καλλίστα
787 1665 842 1742 μὲν
862 1664 981 1743 ἐλέγετε
1001 1663 1098 1730 αὐτόόι
1118 1659 1188 1728 εἶναι
1208 1665 1416 1750 significant?
1428 1667 1477 1730 Au

356 1783 428 1843 τῶν
460 1777 559 1843 αὐτόθι
590 1780 761 1864 legendum
794 1779 866 1843 esti
889 1779 927 1844 ln
953 1779 1164 1862 sequentibus
1188 1780 1266 1844 haec
1289 1780 1475 1864 displicent:

358 1888 483 1968 ἔμελλον
513 1891 544 1955 δὲ
575 1891 599 1954 oi
627 1888 831 1969 συλλαβόντες
854 1891 944 1954 αὐτόν
967 1889 1022 1967 μὲν
1044 1890 1185 1969 κατέχειν
1209 1892 1269 1955 ari.
1295 1892 1370 1956 Non
1394 1895 1476 1958 enim

356 2005 482 2086 milites,
502 2006 559 2088 qui
579 2024 651 2068 cum
673 2003 837 2068 Ginadone
855 2005 1036 2086 mittuntur,
1055 2008 1092 2068 at
1110 2024 1180 2068 eum
1191 2003 1405 2086 prehendant,
1416 2006 1476 2068 iam

356 2117 507 2200 appellari
528 2122 665 2201 possunt
684 2117 707 2180 οἱ
725 2115 937 2194 συλλαβόντες,
952 2117 1008 2181 sed
1020 2122 1076 2182 aut
1087 2118 1242 2182 articulus
1255 2117 1411 2183 delendus
1423 2123 1477 2202 cst,

354 2236 411 2296 aut
432 2249 489 2314 pro
512 2227 716 2306 συλλαβόντες
733 2230 905 2313 legendum
924 2235 973 2295 est
991 2227 1253 2310 τνμτεμφόέντες.
1267 2228 1476 2306 Quodautem

356 2343 499 2408 dicebam
535 2344 617 2408 male
646 2345 711 2407 iam
743 2343 819 2407 olim
843 2345 1057 2407 narrationem
1081 2361 1151 2407 esse
1173 2343 1378 2426 intellectam,
1402 2346 1478 2408 satis

356 2456 416 2520 hoc
448 2455 620 2540 apparebit,
652 2457 680 2520 si
706 2455 932 2541 Xenophontis
955 2456 1050 2520 haec:
1076 2451 1147 2518 οὕτω
1171 2454 1202 2518 δὲ
1224 2452 1315 2534 ἔσχον
1339 2455 1363 2518 oi
1386 2454 1478 2538 ἔφοροι

353 2567 421 2646 πρὸς
443 2567 476 2630 τό
495 2569 635 2647 τριῖνμα,
656 2564 731 2630 ὥστε
749 2565 801 2630 καὶ
814 2565 906 2647 μόραν
918 2565 1027 2630 ἱππέων
1040 2563 1183 2644 ἔπεμψαν
1195 2573 1256 2638 τοῖς
1268 2566 1315 2629 ἐτ’
1329 2567 1473 2641 Αὐλῶνος,

354 2699 427 2744 cum
460 2681 600 2763 quodam
630 2680 786 2761 Polyaeni
809 2680 880 2744 loco
904 2679 956 2762 (II,
981 2681 1034 2762 14)
1058 2681 1359 2763 comparaverimus.
1383 2680 1478 2762 Poly-

353 2813 454 2858 aenus
484 2796 569 2858 enim
603 2794 680 2857 dicit
707 2794 842 2878 ephoros
865 2793 946 2857 clam
970 2795 1095 2876 equites
1118 2793 1291 2856 nonnullos
1314 2794 1477 2858 Aulouem

353 2907 563 2989 praemisisse.
598 2905 701 2982 Quam
736 2906 854 2970 falsum
889 2906 950 2969 hcc
980 2907 1031 2986 sit,
1062 2906 1200 2988 quisque
1230 2905 1389 2989 iutelligit,
1420 2909 1477 2990 qui

352 3018 600 3102 Xenophontem
623 3020 707 3103 legit
730 3018 762 3082 N
763 3038 804 3082 on
825 3019 910 3082 enim
931 3016 1074 3081 Cinadon
1095 3019 1216 3101 quique
1235 3037 1310 3081 oum
1323 3037 1360 3082 eo
1373 3021 1478 3083 mitte-

354 3132 472 3196 bantur
493 3131 648 3196 Aulonem
671 3133 857 3216 perventuri
880 3138 986 3195 erant:
1013 3131 1198 3195 mandatum
1223 3137 1290 3195 erat
1312 3131 1479 3215 militibus,

354 3251 391 3308 ut
415 3245 550 3309 simulac
573 3247 649 3309 satis
673 3247 767 3328 longe
790 3244 830 3307 ab
854 3243 934 3308 urbe
957 3243 1104 3308 abessent
1128 3243 1322 3307 Oinadouem
1342 3245 1478 3327 prehen-

353 3357 472 3437 derent,
507 3358 718 3441 vinctumque
751 3355 897 3441 Spartam
931 3356 1128 3421 reducerent.
1160 3356 1222 3422 Sed
1254 3363 1291 3420 ut
1321 3356 1477 3440 probabili

353 3468 518 3533 mendacio
543 3467 699 3533 Oiuadcui
722 3469 914 3554 persuadere
938 3475 1076 3553 possent,
1099 3475 1137 3532 ut
1159 3489 1233 3532 cum
1257 3470 1387 3534 armatis
1412 3470 1476 3534 illis

351 3580 615 3664 proficisceretur,
650 3581 762 3645 urbem
792 3583 1024 3665 excogitarunt,
1047 3600 1111 3664 quo
1135 3582 1190 3644 ille
1212 3583 1275 3645 iam
1299 3601 1393 3665 saepe
1416 3603 1476 3664 pu·

351 3693 434 3757 blice
457 3714 531 3757 cum
555 3693 662 3776 aliquo
684 3693 833 3757 mandato
852 3695 971 3758 missus
991 3697 1064 3757 erat.
1084 3692 1218 3758 Minime
1237 3699 1344 3756 mmcn
1356 3695 1474 3758 mirum

351 3811 399 3869 est
430 3805 630 3887 Polyaenum
663 3825 680 3868 a
712 3825 787 3869 vero
810 3806 982 3890 aberrasse,
1005 3826 1079 3869 nam
1104 3825 1144 3870 ne
1168 3825 1205 3870 ca
1227 3806 1366 3890 quidem,
1390 3826 1474 3890 quae

351 3918 437 4003 apud
459 3918 709 4003 Xenophontem
732 3919 869 4002 legimus
893 3919 1016 3983 sincera
1040 3937 1109 3982 esse
1133 3925 1276 4003 possunt.
1300 3918 1382 3982 Nam
1406 3939 1473 3983 nou

351 4031 454 4095 solum
489 4031 649 4095 Aulonem
681 4031 728 4094 illi
758 4032 903 4095 homines
933 4032 1119 4115 perventuri
1143 4050 1208 4093 uon
1230 4036 1329 4114 erant,
1351 4031 1407 4096 sed
1431 4051 1474 4096 ne

351 4144 413 4207 dici
448 4144 579 4227 quidem
613 4150 748 4228 possunt
779 4145 803 4207 oi
832 4145 879 4206 ἐτ’
911 4144 1057 4215 Αὐλῶνος,
1091 4146 1243 4227 quoniam
1273 4145 1380 4208 Aulon
1405 4164 1471 4208 nou

350 4261 417 4321 erat
447 4260 630 4342 propositus
658 4260 784 4323 itineris
811 4258 894 4322 finis.
917 4257 960 4322 Et
982 4258 1142 4342 quomodo
1164 4257 1262 4323 verba
1284 4255 1472 4338 ἔπεμψαν
