3330 5262
727 571 792 635 337

192 753 325 835 alenus,
359 753 582 818 lubentissime
615 759 808 820 versaretur.
844 753 942 820 Haud
977 757 1064 820 enim
1096 757 1232 823 dubium
1267 763 1324 842 est,

193 868 274 950 quin
298 865 520 932 Cleombrotus
543 871 600 932 aut
623 885 756 950 errores,
782 887 864 951 quos
888 869 1007 933 multos
1027 871 1238 954 commiserat,
1259 871 1323 937 for-

193 981 316 1044 tissime
350 980 523 1064 pugnando
560 998 768 1064 compensare
802 982 845 1044 sit
877 985 1020 1064 conatus,
1052 988 1107 1046 aut
1138 1003 1199 1047 sua
1231 984 1325 1068 culpa

192 1091 421 1176 Spartanorum
446 1111 515 1157 rem
535 1094 669 1176 periisse
691 1092 876 1176 intelligens
895 1091 1103 1158 voluntariae
1118 1097 1214 1160 morti
1228 1115 1323 1160 occu·

194 1205 310 1270 buerit.

238 1318 270 1383 C.
295 1318 395 1404 Saepe
422 1320 518 1383 multi
537 1318 774 1404 indignabundi
798 1322 967 1404 conquesti
990 1325 1077 1403 suut,
1101 1321 1187 1404 quod
1209 1320 1320 1387 Xeno-

193 1433 279 1515 pbon
310 1431 349 1496 de
379 1430 605 1515 Epaminonda
628 1436 685 1496 aut
708 1450 841 1514 prorsus
864 1436 983 1496 taceret
1005 1437 1063 1497 aut
1086 1433 1197 1498 saltem
1225 1455 1322 1518 quam

194 1545 357 1610 rarissime
390 1547 461 1610 eius
483 1546 679 1608 mentionem
703 1543 828 1628 faceret,
850 1563 1013 1629 graveque
1035 1546 1112 1611 inde
1136 1547 1321 1631 cupiditatis

193 1659 315 1723 crimen
339 1659 375 1721 in
398 1676 474 1722 eum
496 1656 686 1721 conflarunt.
709 1656 864 1741 Iniquum
887 1658 948 1721 hoc
971 1677 1041 1722 esse
1063 1659 1221 1724 iudicium
1241 1660 1321 1723 mibi

195 1776 327 1836 constat
362 1770 446 1835 Nam
479 1789 547 1834 non
579 1770 703 1834 invidia
737 1771 850 1834 odiove
880 1770 1001 1835 factum
1033 1790 1111 1855 esse,
1143 1777 1181 1836 ut
1203 1791 1322 1838 nomen

194 1883 436 1968 Epaminondae
471 1888 537 1947 tam
570 1884 683 1966 paucis
716 1881 959 1948 Hellenicorum
989 1884 1067 1948 locis
1098 1884 1233 1968 legatur,
1265 1885 1322 1949 sed

191 1995 267 2062 libri
300 1997 441 2063 indolem
474 1997 739 2080 propositumque
774 1997 844 2060 eius
875 1997 922 2060 rei
952 2015 1022 2061 esse
1054 2016 1196 2081 causam,
1219 1997 1320 2062 mani-

191 2109 309 2176 festum
349 2110 387 2174 fit
430 2129 472 2174 ex
510 2111 571 2173 hoc
605 2109 684 2192 lucc,
718 2107 776 2173 ubi
810 2110 938 2192 egregia
970 2109 1209 2194 singularisque
1244 2110 1317 2175 laus

190 2225 436 2310 prudentissimi
466 2223 703 2315 fortissimique
728 2223 819 2286 ducis
850 2225 880 2286 ei
908 2223 1062 2289 tribuitur
1091 2224 1133 2305 (V
1133 2224 1176 2307 Π,
1209 2226 1238 2307 5,
1267 2227 1318 2306 3):

190 2333 245 2400 ὅσα
283 2335 381 2414 μέντοι
414 2334 545 2414 προνοίας
579 2332 651 2413 ἔργα
685 2331 738 2398 καί
773 2331 888 2412 τόλμης
925 2332 1005 2398 ἐστίν
1039 2333 1120 2399 οὐδέν
1154 2358 1204 2412 μοι
1240 2335 1322 2400 δοκεῖ

192 2449 262 2532 ἀνὴρ
295 2451 437 2514 ἐλλιπεῖν.
472 2450 589 2514 Tamen
624 2451 669 2513 ita
700 2450 739 2514 de
770 2449 841 2514 eius
870 2454 972 2514 morte
994 2450 1148 2533 loquitur,
1172 2451 1265 2534 quasi
1289 2451 1318 2514 ἕν

192 2560 267 2641 Καρὶ
301 2563 314 2626 ί
348 2561 475 2635 κίνδυνος
505 2562 619 2628 fuisset
650 2561 733 2644 (VH,
761 2563 796 2644 b,
828 2563 899 2643 25):
931 2560 985 2633 τὴν
1008 2561 1063 2639 μὲν
1094 2561 1129 2633 δὴ
1160 2558 1318 2640 συμβολὴν

190 2673 277 2748 οὕτως
310 2674 468 2748 ἐποιήσατο
502 2672 554 2739 καί
589 2674 641 2739 οὐκ
674 2671 799 2754 ἕψεσίσίίν
835 2679 889 2747 τῆς
922 2673 1055 2746 ἐλπίδος·
1081 2675 1233 2754 κρατήσας
1256 2673 1314 2753 γὰρ

191 2785 210 2870 ᾖ
232 2787 416 2870 προσέβαλεν
442 2786 507 2852 ἕλον
529 2787 645 2860 ἕτοίνσε
667 2785 789 2868 φεύγειν
812 2787 845 2852 τὸ
867 2791 924 2873 τῶν
945 2786 1089 2852 ἐναντίων·
1113 2787 1179 2851 ἕτεί
1198 2811 1235 2864 νε
1258 2787 1318 2866 μὴν

188 2903 294 2972 ἐκεῖνος
329 2899 440 2976 ἔτεσεν,
475 2901 499 2966 σί
532 2897 627 2965 λοιποὶ
662 2899 727 2964 oatl
760 2907 797 2982 τῇ
833 2899 895 2981 νίας
930 2901 1013 2981 ὀρθῶς
1043 2899 1085 2964 ἔτι
1116 2898 1316 2973 ἐδυνάσθησαν

189 3016 366 3097 χρήσασθαι.

233 3130 272 3194 D.
307 3130 416 3195 Minus
452 3134 537 3195 certe
567 3128 685 3193 nobilis
717 3149 814 3213 quam
845 3130 878 3212 ii,
903 3130 942 3194 de
973 3129 1092 3214 quibus
1117 3130 1317 3214 supradixi,

189 3241 378 3330 Mnasippus
402 3248 450 3309 est
474 3244 543 3308 dux
565 3242 750 3328 Spartanus,
776 3243 814 3308 de
839 3262 903 3326 quo
926 3243 1065 3327 legimus
1087 3242 1145 3319 VI,
1165 3245 1194 3326 2,
1215 3245 1316 3328 5sqq.

189 3357 287 3423 Haud
317 3359 403 3424 enim
432 3357 549 3422 leniter
570 3357 632 3420 viri
654 3357 781 3420 incuria
804 3355 1027 3441 superbiaque,
1051 3376 1115 3440 qua
1138 3357 1172 3419 in
1195 3376 1318 3441 oppug-

189 3474 297 3537 nanda
331 3472 471 3553 Corcyra
503 3491 584 3536 usus
618 3475 667 3536 est
701 3472 890 3554 exagitatur.
923 3470 1179 3535 Admirationem
1210 3475 1319 3534 tamen

189 3585 297 3650 movet
325 3585 476 3668 brevitas,
500 3605 564 3669 qua
594 3585 665 3649 eius
687 3584 838 3649 interitus
861 3583 1005 3647 traditur.
1029 3582 1206 3667 Postquam
1229 3584 1317 3647 enim

187 3702 353 3763 narratum
388 3703 436 3763 est
471 3696 665 3778 Corcyraeos
701 3715 743 3761 ex
777 3695 857 3760 urbe
891 3697 1036 3780 erupisse
1067 3700 1098 3759 et
1125 3697 1160 3758 in
1190 3695 1317 3760 hostem

188 3809 302 3876 fecisse
335 3812 503 3896 impetum,
533 3811 579 3874 ita
609 3809 684 3874 finis
714 3809 890 3872 narrationi
913 3809 1105 3892 imponitur:
1132 3804 1215 3878 τέλος
1239 3805 1270 3870 δὲ
1294 3805 1318 3870 οἱ

189 3921 322 4001 πολέμιον
354 3920 443 4003 aitqaue
466 3920 613 3999 γενόμενον
636 3918 747 3992 τοίντες
769 3919 931 3984 ἐπετίθεντο
955 3926 1014 3991 τοῖς
1037 3914 1102 4000 σε’ρί
1126 3918 1316 3991 Μνάσιππον,

189 4031 243 4109 ἤδη
268 4033 357 4114 μοίλα
380 4033 486 4111 ὀλίγοις
510 4026 579 4098 οὖσι.
602 4031 653 4097 καί
677 4031 701 4097 οἱ
723 4039 842 4096 τολῖται
864 4031 981 4112 δρῶντες
1000 4031 1033 4095 τὸ
1044 4029 1216 4108 γιγνόμενον
1227 4023 1316 4105 ε’σεξ-

188 4155 273 4229 ᾖσαν·
303 4145 370 4212 ἕτεί
399 4146 425 4211 δ’
450 4147 557 4211 ἐκεῖνον
580 4144 767 4218 ἀπέκτειναν,
790 4143 904 4218 ἐδίωκον
926 4142 982 4217 ἤδη
1007 4140 1149 4216 ἅπαντες.
1173 4143 1317 4209 Conferri

186 4266 323 4346 possunt
347 4279 430 4345 quae
453 4259 492 4324 de
515 4257 715 4323 Cleombroto
741 4258 897 4324 dicebam.

1184 4363 1220 4415 22
