3354 5268
625 697 632 704 ,s
716 627 754 689 aa

187 812 345 878 cofortani
380 813 616 893 demonstravit,
649 812 683 874 id
714 812 752 875 de
785 831 848 896 quc
872 816 945 875 ante
971 831 1044 875 eum
1068 830 1160 875 nemo
1184 813 1300 895 cogita-

183 934 286 1010 verat,
308 928 574 1011 praepositionem
598 923 650 988 σύν
670 945 687 988 a
709 926 873 989 nonnullis
893 924 1110 1008 scriptoribus
1122 925 1300 989 oratoribus

187 1043 382 1125 praesertim,
406 1040 517 1104 sedulo
541 1045 571 1103 et
595 1039 633 1102 de
655 1039 813 1102 industria
835 1040 935 1102 vitari.
955 1038 1004 1102 Ne
1025 1040 1096 1122 quis
1109 1043 1215 1102 autem
1229 1058 1302 1102 cen-

186 1160 262 1237 seat,
295 1174 427 1239 prorsus
461 1174 575 1217 vanam
611 1160 641 1217 et
676 1153 797 1216 nullius
828 1155 921 1237 pretii
952 1173 1019 1217 eam
1045 1153 1300 1238 observationem

184 1270 295 1350 fuisse,
328 1273 439 1332 testem
467 1266 569 1331 citabo
592 1269 698 1330 virum
723 1267 801 1328 mihi
823 1269 1055 1331 amicissimum
1078 1265 1300 1330 Lehmannnm

186 1384 226 1447 de
259 1381 445 1446 Lebnsfeld:
480 1383 509 1444 is
542 1383 628 1444 enim
661 1382 694 1443 in
726 1383 993 1444 commentatione
1024 1381 1063 1444 de
1095 1381 1236 1444 oratione
1260 1380 1301 1443 ad

185 1495 397 1560 Demonicum
432 1493 475 1576 (L.
510 1495 546 1558 B.
578 1494 664 1578 apud
694 1493 723 1557 S.
755 1493 787 1556 O.
817 1514 878 1557 van
912 1492 1103 1578 Doesburgh
1128 1495 1237 1577 1879),
1260 1532 1301 1540 -

186 1629 283 1692 quam
313 1614 350 1672 ut
377 1608 484 1692 legant
515 1607 663 1671 omnibus
694 1613 805 1671 auctor
836 1628 918 1690 sum,
943 1609 998 1691 qui
1021 1609 1160 1691 aliquem
1183 1608 1300 1673 librum

186 1725 341 1807 scriptori,
376 1723 428 1785 cui
460 1723 557 1805 volgo
590 1721 749 1803 tribuitur,
780 1721 832 1784 vel
863 1720 1044 1784 abiudicare
1067 1720 1118 1784 vel
1139 1721 1301 1786 vindicare

187 1838 317 1900 volunt:
353 1856 447 1900 nemo
483 1838 577 1918 eninr,
611 1855 662 1899 me
692 1835 807 1916 iudice,
831 1834 871 1897 ad
901 1835 1056 1898 eiusmodi
1083 1837 1302 1918 quaestionem

185 1951 383 2014 tractandam
426 1948 717 2032 absolvendamque
758 1949 938 2012 accuratius
974 1949 1081 2010 omnia
1115 1954 1304 2031 argumenta

187 2065 322 2148 collegit,
356 2065 544 2143 aestimavit,
578 2061 731 2143 adhibuit,
766 2063 887 2124 nemini
921 2063 1039 2125 rectius
1069 2063 1241 2145 singularis
1273 2068 1303 2126 et

186 2198 257 2241 rara
293 2177 364 2241 laus
398 2177 496 2240 tribui
526 2182 630 2260 potest
661 2177 894 2239 controversiae
922 2175 1129 2259 philologicae
1153 2176 1303 2240 diremtae

188 2290 395 2374 sublataeque
409 2328 449 2335 —-
462 2289 668 2354 Lehmannus
689 2309 762 2373 ergo
785 2290 981 2373 quum‘nihil
993 2291 1159 2373 omitteret,
1172 2290 1257 2374 quod
1270 2292 1302 2352 in

188 2405 401 2488 disputatione
436 2404 474 2467 de
509 2405 660 2468 orationis
695 2403 735 2466 ad
765 2401 977 2467 Demonicum
1008 2408 1136 2468 auctore
1167 2405 1303 2470 alicuius

188 2537 256 2582 esse
280 2517 626 2599 momenti-videretur,
648 2517 894 2581 Mommseniani
918 2537 1046 2602 quoque
1066 2521 1188 2582 inventi
1207 2523 1301 2583 ratio-

187 2651 260 2696 nem
291 2630 410 2712 habuit,
435 2650 538 2714 neque
562 2631 664 2694 solum
688 2632 843 2694 rationem
867 2630 986 2713 habuit,
1011 2632 1066 2695 sed
1089 2633 1303 2704 exomnibus

188 2747 383 2828 argumentis
407 2746 474 2808 suis
498 2744 624 2807 nullum
648 2746 778 2828 gravius
801 2745 955 2808 iudicavit
979 2765 1074 2828 quam
1095 2745 1137 2827 id,
1157 2746 1242 2829 quod
1263 2766 1305 2809 ex

189 2860 428 2943 praepositionis
451 2855 502 2920 σύν
525 2877 587 2922 usu
614 2864 753 2921 sumeret
776 2859 971 2949 afferretque.

232 2971 309 3035 Post
338 2970 573 3034 Mommsenum
603 2975 734 3034 exortus
765 2976 813 3034 est
840 2991 868 3032 v.
892 2971 928 3034 cl.
952 2970 1224 3055 DittenbergeruS,
1248 2976 1305 3056 qui

188 3105 264 3160 rem,
289 3105 352 3147 non
374 3086 481 3148 minus
502 3085 677 3147 inauditam
698 3089 800 3166 antea,
818 3085 996 3168 philologos
1017 3086 1150 3167 doceret,
1170 3087 1306 3171 eiusque

189 3198 366 3262 observatio
410 3201 551 3261 maxima
583 3199 703 3262 laetitia
738 3205 864 3282 accepta
898 3204 946 3262 est
980 3199 1019 3262 ab
1055 3199 1213 3282 omuibus,
1249 3204 1305 3285 qui

190 3313 325 3377 Graecas
356 3313 463 3376 literas
491 3319 614 3375 amant:
640 3312 734 3376 habet
757 3315 841 3376 enim
865 3333 1012 3396 maguam
1038 3333 1111 3376 cum
1135 3313 1304 3379 Mommse-

189 3429 285 3489 niana
319 3426 568 3506 similitudinem,
603 3426 659 3489 sed
692 3425 792 3488 multo
826 3428 976 3490 maiorem
1001 3427 1168 3491 utilitatem
1194 3428 1305 3492 afferre

189 3539 363 3602 videbatur.
390 3538 471 3601 Nam
495 3558 561 3601 nou
584 3539 744 3622 peculiare
769 3539 928 3622 quoddam
952 3541 1183 3604 nonnullorum
1208 3544 1305 3626 scrip-

189 3659 293 3718 torum
320 3653 461 3716 studium
482 3653 635 3716 indicavit
653 3652 925 3736 Dittenbergerus,
938 3654 993 3717 sed
1013 3659 1177 3738 tamquam
1188 3657 1307 3719 instru-

190 3774 334 3831 mentum
369 3769 546 3851 repperisse
580 3767 642 3830 sibi
674 3769 765 3830 visus
801 3773 857 3848 est,
887 3787 951 3850 quo
983 3768 1104 3831 nullius
1136 3788 1200 3831 non
1223 3768 1308 3851 libri,

189 3881 326 3965 pedestri
359 3901 503 3945 sermone
534 3882 640 3944 Attico
672 3882 788 3964 scripti,
811 3887 938 3965 tempus
966 3883 1063 3945 statui
1086 3888 1200 3965 posset.
1226 3880 1306 3957 Quis

190 4001 295 4058 autem
332 4013 368 4058 eo
400 4000 523 4078 reperto
553 4015 618 4058 non
645 3997 789 4078 impense
812 3994 973 4078 gauderet,
997 4016 1096 4078 quum
1120 3998 1306 4079 praesertim

190 4109 270 4172 illud
305 4109 344 4172 ad
377 4108 614 4172 Platonicorum
650 4109 847 4192 dialogorum
879 4109 1022 4171 ordinem
1046 4109 1306 4193 chronologicum

191 4222 404 4286 definiendum
437 4224 575 4306 primum
600 4223 748 4285 inventor
772 4221 974 4285 adhibuerit?
998 4220 1082 4297 Quid
1106 4228 1211 4286 autem
1236 4222 1305 4287 Dit-

190 4335 397 4420 tenbergerus
432 4338 607 4422 repperisse
643 4336 704 4402 sibi
739 4338 829 4402 visus
865 4337 915 4419 sit,
948 4340 979 4400 et
1014 4336 1229 4404 demonstrare
1265 4340 1307 4405 sit
