3330 5262
888 599 951 662 320

390 785 433 866 H,
455 785 484 849 6.
507 783 674 867 Lampsaci
699 803 801 867 quum
825 788 909 848 esset
932 782 1122 865 Dercylidas
1146 784 1240 849 domo
1260 785 1358 868 legati
1381 803 1477 848 vene-

347 902 425 962 runt
447 898 623 980 inspecturi
642 898 819 960 exereitum
839 894 1094 980 Dercylidaeque
1107 899 1293 962 nuntiantes
1305 899 1340 961 in
1354 917 1478 962 annum

348 1011 377 1074 ei
411 1011 581 1093 imperium
617 1028 687 1074 essa
719 1014 945 1093 prorogatum:
982 1009 1148 1073 ἕτιστεῖλοοι
1180 1009 1211 1073 δὲ
1243 1009 1344 1089 σφίσιν
1377 1011 1479 1081 οούτοῖς

349 1121 415 1194 τοὺς
438 1120 555 1203 ἐφόρους
578 1120 630 1186 aul
653 1120 901 1199 συγκαλέσαντας
924 1121 990 1192 τοὺς
1011 1121 1194 1203 στρατιώταις
1213 1123 1303 1186 εἰπεῖν
1323 1123 1384 1187 κτὲ.
1398 1123 1480 1188 Rec-

350 1237 474 1301 tissime
498 1236 669 1300 verborum
693 1234 796 1316 οφίτιο
819 1236 922 1306 αὐτοῖς
946 1255 1077 1301 sensum
1102 1238 1147 1300 ita
1169 1237 1309 1300 illustrat
1332 1236 1479 1300 Breiten-

349 1348 499 1412 bachius:
535 1349 749 1430 „mandatum
782 1347 843 1412 sibi
876 1367 947 1413 esse
974 1349 1071 1432 legati
1095 1348 1252 1431 dicebant,
1276 1354 1312 1412 ut
1334 1367 1400 1413 non
1417 1368 1481 1428 per

350 1461 453 1544 duces,
486 1461 543 1525 sed
576 1461 639 1541 ipsi
666 1461 758 1525 illum
791 1461 831 1524 ad
856 1462 972 1524 milites
996 1463 1146 1525 nuntium
1174 1460 1382 1545 perferrent.’'
1405 1460 1480 1524 Nou

351 1579 467 1657 minen,
491 1580 528 1639 ut
550 1577 673 1658 opinor,
696 1594 714 1638 e
737 1573 962 1657 Xenophontis
987 1574 1092 1638 verbis
1117 1575 1171 1638 ille
1195 1594 1310 1640 sensus
1333 1575 1406 1638 elici
1424 1594 1481 1658 po-

352 1689 434 1770 terit,
457 1688 611 1772 quamdiu
635 1689 669 1750 in
693 1693 786 1753 textu
805 1687 983 1752 remanebit
995 1688 1177 1752 coniunctio
1190 1685 1249 1760 aul,
1264 1707 1359 1771 quam
1373 1687 1482 1751 delen-

352 1802 424 1864 dam
447 1819 518 1865 esse
542 1799 680 1865 Cebetas
705 1798 892 1863 iamdudum
918 1801 1052 1863 monuit.

396 1913 439 1996 Π,
463 1915 491 1976 8.
523 1912 633 1996 Legati
657 1913 713 1994 illi,
738 1914 794 1996 qui
814 1913 854 1976 ad
879 1911 1084 1994 Dercylidam
1108 1914 1199 1977 missi
1222 1918 1320 1994 erant,
1345 1915 1478 1977 mentio·

352 2045 427 2091 nem
462 2027 613 2089 iniiciunt
647 2026 686 2090 de
718 2026 831 2109 legatis
867 2024 1174 2109 Chersonesitarum,
1209 2029 1277 2110 qui,
1308 2026 1385 2090 dum
1417 2027 1480 2110 ipsi

353 2139 639 2224 proficiscerentur,
671 2138 803 2222 Spartae
833 2143 947 2203 essent.
979 2137 1096 2209 τούτους
1126 2135 1420 2218 remeatremeat
1445 2140 1482 2209 ὡς

354 2255 403 2316 νῦν
427 2250 482 2330 μὲν
504 2252 536 2315 οὐ
560 2249 691 2315 dilacerare
714 2250 767 2322 τὴν
791 2249 959 2331 Χερρόνησον
982 2249 1164 2331 ἕργοὶζετθοιι·
1189 2250 1326 2332 <bipartuo
1350 2251 1407 2332 γὰρ
1429 2249 1482 2314 aul

353 2362 479 2441 ἄγεσθαι
513 2363 567 2427 ὑπὸ
602 2367 658 2426 τῶν
689 2367 819 2445 Θρᾳκῶν·
850 2363 874 2426 εἰ
904 2361 935 2426 δὲ
966 2362 1184 2442 ἀποτειχισθείη
1209 2364 1242 2428 ἐκ
1267 2361 1418 2438 desolat-45
1442 2364 1482 2436 εἷς

354 2474 518 2550 lamnae,
542 2475 594 2541 aul
618 2476 719 2558 σφίσιν
742 2475 778 2540 ἂν
801 2481 857 2554 γῆν
881 2475 991 2548 πολλὴν
1011 2475 1064 2541 acl
1085 2475 1201 2554 ἀγαθὴν
1222 2471 1293 2540 siaiu
1306 2475 1482 2557 ἐργάζεσθαι

355 2587 406 2653 aul
438 2587 539 2661 ἄλλοις
563 2589 658 2653 deduci
682 2588 830 2666 βούλοιντο
854 2588 1101 2666 Λακεδαιμονίων.
1128 2586 1202 2652 ὥστε
1225 2587 1346 2670 ἕΦοοτοιν
1371 2591 1421 2654 οὐκ
1445 2588 1482 2653 ἂν

355 2701 526 2781 θοιιιμοὶζειι,
559 2703 582 2766 εἰ
613 2701 664 2767 nal
696 2701 846 2782 πεμφθείη
877 2725 920 2774 τις
944 2701 1184 2779 Λακεδαιμονίων
1208 2701 1268 2766 ἀπὸ
1292 2708 1346 2775 τῆς
1370 2701 1483 2774 πόλεως

356 2814 408 2878 σὺν
443 2813 566 2893 Sarapa
600 2820 700 2880 τοῦτο
734 2811 858 2896 apuliae.
895 2815 1010 2881 Errare
1045 2817 1195 2880 videntur
1227 2818 1284 2900 qui
1308 2816 1482 2882 verborum

356 2925 477 3009 ἔφοοοιο
499 2929 551 2992 οὐκ
573 2927 609 2992 ἂν
634 2927 794 3008 luvadina
818 2928 997 2993 subiectum
1022 2948 1092 2994 esse
1111 2935 1226 3014 putant
1246 2928 1487 2996 Chersonesita-

356 3063 428 3106 rum
453 3043 583 3126 legatos,
607 3048 638 3106 et
662 3062 736 3126 ergo
761 3042 811 3105 οὐκ
834 3039 869 3104 lu
895 3039 1055 3120 θαυμάζειν
1074 3043 1119 3106 ita
1137 3045 1406 3127 interpretantur:
1424 3063 1487 3126 „se

358 3176 377 3218 a
398 3155 563 3239 Spartanis
587 3160 790 3238 exspectare3
815 3175 849 3219 se
872 3155 1045 3238 Spartanos
1068 3155 1254 3220 laudaturos
1274 3176 1353 3240 esse,
1368 3156 1486 3222 si....’'

360 3266 540 3342 Quominus
571 3269 657 3332 enim
687 3268 774 3331 huno
797 3269 903 3332 locum
928 3271 972 3333 ita
995 3270 1190 3351 accipiamus
1214 3268 1320 3334 obstat
1342 3271 1485 3354 primum

359 3379 492 3444 verbum
524 3377 652 3459 ἔφοσιιο,
678 3380 764 3463 quod
796 3383 982 3464 scriptorem
1006 3400 1120 3446 censeo
1145 3382 1217 3446 ideo
1240 3384 1425 3466 inseruisse,
1450 3389 1488 3448 ut

359 3499 524 3578 appareret
559 3495 722 3576 sequentis
753 3494 906 3557 infinitivi
938 3492 1098 3573 θοιιιμοὲζειν
1129 3515 1194 3558 non
1219 3497 1282 3560 iam
1307 3497 1390 3560 idem
1415 3515 1488 3560 esse

359 3607 550 3689 subiectum,
575 3606 660 3690 quod
684 3608 940 3690 praecedentium
964 3605 1068 3683 λέγειν,
1090 3604 1236 3686 elperici,
1257 3604 1397 3684 assela:
1411 3628 1486 3672 nam

360 3721 388 3784 si
422 3719 665 3784 Chersonesitae
700 3725 807 3784 essent
842 3718 866 3782 οἱ
895 3719 947 3782 οὐκ
978 3716 1014 3782 ἂν
1039 3716 1250 3798 θοομοξζοοτες,
1274 3720 1360 3784 haud
1388 3719 1489 3786 dubie

360 3829 479 3912 ἕφοιτοιο
503 3839 586 3898 esset
610 3833 790 3898 delendum.
814 3832 938 3898 Deinde
962 3832 1127 3916 probabile
1149 3853 1215 3897 non
1236 3838 1284 3898 est
1303 3834 1374 3898 illos
1396 3834 1490 3898 addi·

362 3946 446 4011 disse
470 3946 626 4010 voeabula
649 3944 709 4010 ciui
734 3953 785 4018 τῆς
809 3946 936 4020 aduram
958 3952 1069 4010 contra
1087 3948 1213 4030 egregie
1233 3965 1269 4010 ea
1289 3948 1492 4012 conveniunt

360 4055 525 4141 Spartanis
548 4078 622 4122 cum
646 4058 805 4142 Spartano
828 4060 941 4142 procul
965 4079 983 4122 a
1006 4060 1107 4142 patria
1126 4058 1339 4142 loquentibus.
1359 4058 1492 4124 Postre-

361 4191 450 4235 mum
473 4208 513 4218 —
533 4192 608 4234 nam
628 4191 669 4236 ne
689 4173 823 4235 minima
835 4173 966 4254 quidem
978 4172 1096 4236 indicia
1109 4172 1342 4236 contemnenda
1355 4177 1432 4236 siint
1446 4211 1491 4220 -

362 4284 396 4345 in
427 4283 722 4348 Chersonesitarum
752 4284 902 4369 precibus
929 4284 1005 4348 ferri
1028 4304 1093 4347 non
1116 4288 1224 4368 posset
1245 4285 1403 4368 particula
1424 4285 1492 4358 aul.
