3330 5262
755 620 818 683 393

220 808 291 872 est?
324 806 367 870 cf.
397 806 493 871 Isoer.
524 806 580 890 IV,
612 807 669 868 55:
701 803 767 876 τοὺς
791 803 845 868 owe
867 811 904 884 τῇ
928 801 1065 885 Καδμεία
1088 800 1335 876 τελευτήσαντας.

264 919 304 1003 V,
327 921 378 983 48.
409 916 526 992 ,ίτθτε
549 917 580 982 δὲ
603 916 654 982 καί
679 917 786 995 ἡμεῖς’
810 918 964 1000 (eiusdem
987 917 1109 981 Proelis
1132 915 1230 980 verba
1252 918 1338 999 sunt)

220 1029 448 1110 ,,οἰγαλλο’μεθα
487 1029 723 1111 συναγορεύοντες
765 1028 908 1108 βοηθῆσαι
950 1026 1086 1109 οίνθροίσιν
1129 1026 1269 1106 ἀγαθοῖς.

220 1149 333 1233 Inepta
364 1153 524 1212 structura
554 1152 602 1212 est
631 1145 867 1226 συναγορεύοντες
897 1143 1048 1222 βοηθῆσαι,
1079 1144 1340 1227 infinitivumque

216 1261 363 1354 ,βοηθῆσαι
395 1260 620 1344 expellendum
652 1279 722 1324 esse
752 1259 875 1343 liquido
906 1262 1034 1343 apparet
1063 1277 1080 1322 e
1112 1255 1338 1342 sequentibus:

222 1369 296 1449 θτου
326 1376 397 1452 ὑμῖν
427 1398 464 1452 γε
493 1380 554 1446 τοῖς
585 1371 657 1454 ἔργῳ
682 1371 849 1451 δυναμένοις
872 1371 1014 1450 βοηθῆσαι
1037 1375 1160 1449 γενναία
1183 1367 1219 1434 θον
1241 1372 1340 1434 ταῦτα

223 1486 339 1569 φανείη,
362 1486 386 1551 εί
409 1485 553 1560 τολλύκις
576 1485 627 1550 καί
651 1485 731 1567 Φίλοι
753 1483 805 1549 καί
829 1483 961 1561 τολέμιοι
984 1483 1130 1562 γενόμενοι
1149 1483 1339 1562 Λακεδαιμο-

222 1600 286 1673 νίοις
310 1599 353 1679 μη
377 1595 413 1664 ὧν
437 1599 593 1678 ε’βλοίβητε
616 1601 733 1678 μᾶλλον
752 1596 769 1671 θ
790 1593 826 1661 ύν
847 1590 878 1661 εύ
896 1595 1019 1661 έτοίθετε
1038 1596 1218 1675 μνησθείητε.
1241 1597 1340 1682 Egre-
1389 1631 1393 1637 ’

223 1717 274 1800 gie
295 1718 381 1781 enim
399 1717 483 1780 inter
506 1735 540 1780 se
564 1720 771 1800 opponuntur
793 1711 989 1794 συναγορεύειν
1014 1718 1045 1778 et
1067 1710 1138 1794 ἔργῳ
1161 1711 1282 1790 βοηθεῖν.

686 1995 878 2004 ——--—

645 2208 818 2274 LIBER
851 2208 924 2272 vri.

271 2394 373 2479 Caput
394 2395 420 2478 Ι,
443 2396 471 2458 2.
495 2393 606 2480 Legati
625 2395 853 2480 Spartanorum
874 2397 1099 2480 sociorumque
1110 2396 1254 2461 Athenas
1267 2415 1341 2460 oon-

226 2509 361 2572 veniunt
393 2507 598 2573 deliberaturi
632 2509 670 2572 de
699 2508 825 2593 legibus
856 2509 1001 2591 loedoria,
1035 2509 1120 2592 quod
1150 2509 1253 2573 faeere
1276 2511 1340 2574 iam

224 2626 316 2686 antea
340 2621 544 2687 decreverant
567 2623 789 2688 Athenienses,
812 2623 863 2687 Ibi
886 2623 1015 2688 Procles
1038 2623 1199 2689 Phliasius
1223 2625 1341 2690 etalio

223 2736 354 2800 ethaeo
377 2736 468 2800 dicit:
496 2734 572 2818 ,,έθιν
595 2729 641 2800 οὖν
666 2731 684 2816 ᾗ
706 2733 847 2817 ἑκατέροις
867 2734 1004 2815 μύλιστα
1023 2736 1152 2811 συνοίσει,
1172 2735 1267 2818 ταύτης
1290 2737 1341 2801 καὶ

222 2848 278 2920 τοὶς
308 2849 452 2924 συνθήκας
474 2851 669 2928 τοιησύμεθα,
694 2847 764 2915 ούτοι
788 2849 869 2914 κατοί
891 2875 928 2928 γε
950 2851 983 2915 τὸ
1006 2849 1079 2922 είκθς
1101 2848 1239 2928 μύλιστα
1261 2874 1339 2929 συμ·

224 2960 358 3039 μένοιμεν
392 2962 458 3026 θον”.
491 2963 636 3028 Verbum
666 2962 824 3041 συμμένειν
856 2965 894 3029 de
925 2964 1118 3047 hominibus
1143 2967 1199 3049 qui
1227 2965 1341 3029 foedus

222 3077 352 3160 faciunt,
384 3097 449 3141 non
480 3083 544 3142 tam
575 3083 659 3142 recte
690 3078 833 3143 adhiberi
854 3078 981 3143 videtur
1004 3099 1101 3161 quam
1124 3079 1163 3142 de
1184 3080 1254 3163 ipso
1277 3077 1342 3143 foe-

223 3191 305 3256 dere·
324 3190 509 3276 Legendum
529 3211 603 3276 ergo
616 3192 743 3257 videtur
754 3189 927 3270 συμμένοιεν
938 3212 995 3278 pro
1007 3191 1216 3271 συμμένοιμεν,
1230 3213 1341 3279 quem-

222 3305 394 3370 admodum
416 3326 513 3390 supra
532 3311 596 3371 est:
616 3303 692 3378 θιτως
712 3307 728 3378 ἡ
748 3306 836 3388 φιλία
856 3304 898 3370 ὅτι
919 3313 1057 3371 τλεῑστον
1070 3307 1170 3388 χρόνον
1182 3315 1336 3387 συμμενεῖ.

266 3419 291 3502 Ι,
316 3421 343 3483 3.
371 3419 623 3484 Atheniensibus
647 3425 691 3502 ut,
714 3422 846 3505 imperio
870 3423 1010 3486 terrestri
1033 3421 1195 3506 Spartanis
1218 3422 1340 3507 relieto,

221 3535 283 3618 ipsi
315 3535 487 3618 imperium
521 3536 716 3599 maritimum
753 3537 937 3620 suscipiant,
973 3543 1004 3602 et
1038 3537 1109 3601 aliis
1143 3539 1341 3621 argumentis

222 3646 350 3711 Procles
385 3647 497 3712 suadet
530 3653 562 3712 et
596 3649 662 3712 his:
698 3646 739 3710 ἔτι
775 3647 805 3711 δὲ
835 3647 950 3729 τριήρεις
980 3647 1120 3723 κέκτησθε
1151 3649 1267 3721 τολλοὶς
1290 3648 1343 3713 καί

222 3757 339 3841 τύτριον
363 3759 433 3837 ὑμῖν
455 3760 517 3824 ε’στί
539 3761 671 3825 ναυτικὸν
694 3761 879 3825 έτικτοίσθαι·
901 3761 985 3825 οίλλθι
1009 3761 1068 3840 μην
1090 3761 1145 3836 τοίς
1168 3787 1205 3841 γε
1227 3761 1341 3842 τέχνας

222 3873 278 3946 τθις
308 3874 373 3956 περὶ
396 3879 497 3939 ταῦτα
519 3874 622 3947 τοίσοις
647 3874 752 3948 οἰκείοις
776 3873 871 3954 ἔχετε.
895 3873 947 3939 καί
970 3874 1030 3954 μην
1052 3875 1186 3958 ε’μτειρίρο
1207 3899 1244 3954 γε
1268 3876 1344 3940 τολύ

222 3988 363 4070 προέχετε
390 3993 446 4053 τῶν
478 3988 576 4053 σίλλων
599 3988 662 4070 τερί
684 3989 725 4053 τοὶ
750 3988 884 4054 ναυτικοί·
907 3988 919 4053 θ
945 3990 1003 4070 γοὶρ
1026 3989 1089 4066 βίος
1113 3996 1175 4062 τοῖς
1197 3988 1342 4063 τσλείστοις

223 4103 302 4181 ὑμῶν
331 4103 392 4167 οθτὸ
421 4109 474 4176 τῆς
507 4102 667 4176 θαλοίττης·
701 4101 774 4167 ύστε
798 4108 853 4166 τῶν
876 4102 950 4167 ἰδίαν
973 4101 1176 4181 ἐτιμελθμενοι
1200 4102 1268 4181 θίμα
1291 4103 1343 4167 καί

221 4219 277 4279 τῶν
300 4216 382 4280 κατοὶ
406 4215 559 4280 θοίλοιτταν
583 4217 700 4295 οίγύνοιν
723 4214 850 4298 έμτειροι
872 4217 1015 4295 γίγνεσθε.
1039 4218 1159 4282 Parum
1183 4217 1343 4303 eleganter

223 4351 257 4396 se
278 4333 363 4396 inter
386 4351 420 4397 se
442 4333 607 4415 excipiunt
632 4333 714 4397 duae
738 4333 921 4416 sententiae,
942 4353 1079 4417 quarum
1099 4332 1197 4397 altera
1209 4332 1248 4396 ab
1260 4333 1344 4395 οὶλλίι
