3348 5262
756 605 820 670 233

219 792 414 874 Niceratum,
446 791 557 856 Niciae
590 791 703 876 filium,
738 812 807 857 rem
841 792 1028 856 familiarem
1067 793 1341 858 administrantem

219 905 314 970 faeiat
346 905 404 987 IV,
439 906 490 982 51,
524 906 612 989 quod
646 907 700 970 ille
731 910 902 989 antequam
933 911 1023 990 pater
1045 925 1064 969 a
1086 907 1151 969 413
1174 908 1208 969 in
1233 905 1342 970 Sicilia

219 1020 375 1103 periisset,
406 1038 472 1082 non
500 1021 613 1102 potuit,
645 1024 677 1083 et
707 1019 873 1084 Socratem
904 1016 1072 1098 πρεσβύτην
1098 1020 1182 1083 dicat
1205 1019 1257 1102 (II,
1283 1021 1344 1103 18),

222 1134 278 1217 qui
312 1153 330 1196 a
362 1134 438 1214 422,
471 1133 680 1216 quadraginta
711 1137 830 1218 septem
864 1151 965 1196 annos
988 1137 1083 1197 natus
1107 1139 1197 1198 esset.
1221 1133 1283 1197 Sed
1308 1138 1344 1197 ut

221 1246 299 1310 haec
333 1249 529 1309 excusentur
564 1245 713 1329 equidem
743 1247 958 1309 necessarium
990 1264 1055 1308 non
1087 1246 1178 1309 duco.
1203 1244 1342 1310 Omnino

221 1360 306 1424 enim
330 1378 396 1422 non
420 1357 536 1423 Oalhae
560 1360 744 1422 convivium
767 1379 785 1422 a
805 1358 1020 1442 Xenophonte
1039 1363 1211 1441 narratum,
1231 1359 1287 1423 sed
1307 1362 1343 1422 ut

223 1473 385 1537 Socratem
408 1474 443 1535 in
467 1473 541 1536 vino
565 1477 661 1556 atque
683 1473 752 1535 ioco
776 1474 930 1554 optimum
951 1471 1090 1536 sodalem
1105 1472 1344 1554 demonstraret,

222 1587 407 1650 convivium
436 1585 547 1649 fictum
579 1604 648 1649 esse
672 1586 830 1667 existimo,
855 1587 910 1648 cui
932 1584 1019 1648 illam
1044 1587 1241 1649 occasionem
1268 1606 1343 1670 sup-

221 1702 372 1785 posuerit.
407 1699 447 1764 Se
482 1702 589 1783 ipsum
619 1704 727 1763 autem
756 1701 806 1782 iis,
839 1718 921 1782 quae
952 1704 1060 1763 narrat
1083 1699 1212 1764 affuisse
1234 1702 1344 1764 testari

221 1815 334 1898 potuit,
368 1832 442 1877 cum
480 1832 561 1897 quae
596 1833 722 1877 summa
756 1812 856 1876 libelli
886 1818 942 1894 est,
966 1812 1125 1896 colloquia
1158 1813 1196 1877 de
1223 1814 1343 1878 Amore

223 1931 306 1991 serta
328 1929 396 2010 ipse
420 1926 602 1990 audivisset.
626 1925 739 2009 Itaque
759 1932 947 2009 argumenta
968 1926 1190 2009 chronologica
1209 1946 1250 1990 ex
1263 1925 1344 1990 (lon-

222 2043 308 2106 vivio
333 2046 364 2106 et
387 2044 517 2105 omnino
541 2061 581 2105 ex
604 2041 738 2124 dialogIs
757 2040 1019 2124 philosophorum
1040 2041 1184 2104 ducenda
1196 2060 1259 2104 non
1274 2061 1344 2106 esse

224 2154 332 2239 puto.’'
363 2149 434 2218 Hoc
457 2173 586 2239 quoque
608 2153 779 2238 Roqnettio
802 2152 1014 2218 libentissime
1038 2155 1202 2236 assentior,
1225 2156 1344 2219 iniuria

226 2269 322 2353 vulgo
346 2270 454 2352 sperni
476 2269 554 2332 haec
576 2269 735 2331 Athenaei
757 2267 855 2331 verba
878 2267 927 2349 (V,
948 2267 989 2328 56
1009 2266 1132 2348 Mein.):
1152 2266 1344 2340 σύδὲὸκννλὸς

223 2383 354 2460 Ξενοφῶν
385 2382 438 2463 (sc.
470 2379 553 2460 παρὰ
581 2378 648 2450 τοὺς
679 2379 796 2459 χρόνους
828 2377 951 2460 γράφων
975 2378 1176 2464 atellanae),
1200 2380 1230 2451 ὃς
1252 2381 1281 2443 ἐν
1304 2383 1344 2460 τῷ

223 2492 375 2573 συμποσίῳ
406 2491 570 2556 ὑποτίθεται
598 2491 731 2556 Κνιλλίσνν
754 2492 803 2555 τὸν
827 2491 989 2555 Ἱππονίκου
1013 2491 1183 2556 Αὐτολύκου
1205 2498 1256 2557 τοῦ
1281 2493 1344 2558 Λύ-

223 2631 308 2680 κωνος
332 2607 439 2685 ἐρῶντα
461 2604 513 2669 aul
538 2606 713 2680 νενικηκότος
737 2607 828 2669 αὐτοῦ
851 2603 1033 2686 παγκράτιον
1056 2605 1183 2671 ἑστίασιν
1207 2606 1343 2685 πονούμε-

222 2745 275 2794 νσν,
310 2718 361 2784 aul
398 2719 449 2782 σὺν
480 2727 542 2792 τοῖς
573 2718 673 2792 ἄλλοις
705 2718 861 2796 tundant
892 2718 1023 2800 arapc'uva
1045 2719 1142 2792 ννὺτόν,
1167 2721 1230 2784 τὸν
1255 2718 1344 2794 ἴσως

222 2833 321 2912 μηδὲ
362 2831 615 2910 γεννηθέντα,
659 2833 676 2907 ἢ
720 2830 806 2913 περὶ
848 2833 917 2905 τὴν
959 2832 1150 2905 παιδικὴν
1185 2834 1345 2906 ἡλικίαν

223 2944 463 3026 ὑσσέρχσνσνν.
497 2946 580 3011 Nam
612 2949 652 3011 sit
683 2966 759 3011 sane
786 2947 942 3011 Athenaei
964 2947 1083 3010 iudicio
1106 2967 1219 3031 parum
1243 2947 1343 3012 fiden-

224 3062 317 3140 dum,
351 3081 449 3144 quare
479 3062 538 3124 hac
570 3063 604 3125 in
627 3081 661 3125 re
685 3063 713 3125 ei
736 3060 832 3125 fidem
856 3079 921 3123 non
946 3060 1120 3125 habeamus
1143 3081 1209 3124 non
1233 3062 1343 3127 video:

224 3193 288 3238 non
324 3174 409 3238 enim
443 3175 645 3238 Athenaeum
675 3176 816 3258 primum
849 3175 1024 3238 coniecisse
1054 3176 1166 3258 opinor
1190 3194 1226 3239 eo
1251 3195 1344 3259 anno,

224 3309 287 3373 quo
317 3290 471 3370 Autolyci
501 3290 633 3352 victoria
662 3289 889 3371 celebrabatur,
913 3287 1160 3372 Xenophontem
1185 3296 1240 3354 aut
1265 3310 1345 3354 non-

224 3404 299 3467 dum
332 3408 443 3466 natum
473 3408 529 3466 aut
560 3402 734 3466 admodum
758 3401 910 3466 infantem
935 3402 1045 3485 luisse,
1069 3403 1125 3467 sed
1147 3403 1179 3466 id
1204 3423 1245 3468 ex
1269 3405 1345 3468 alio·

223 3537 296 3581 rum
318 3516 417 3598 libris,
441 3536 522 3600 quos
546 3521 677 3580 secutus
700 3520 758 3598 est,
782 3518 918 3600 petiisse.
943 3514 1035 3592 Quod
1056 3522 1163 3581 autem
1184 3517 1223 3581 de
1235 3517 1345 3582 Xeno·

224 3630 353 3714 phontis
376 3648 460 3692 anno
485 3630 584 3692 natali
607 3629 776 3713 disputans
794 3631 834 3694 ad
853 3631 907 3694 illa
926 3630 1083 3694 Athenaei
1096 3629 1193 3694 verba
1207 3667 1247 3676 —
1262 3650 1344 3714 quae

224 3745 349 3827 egregie
373 3763 446 3806 cum
470 3762 541 3806 mea
564 3745 721 3806 sententia
747 3745 929 3827 conspirare
952 3744 1059 3827 quivis
1082 3745 1197 3808 sentiet
1216 3783 1258 3790 —
1279 3764 1345 3808 non

223 3858 402 3941 provocavi,
437 3857 506 3920 eius
541 3857 587 3920 rei
619 3856 696 3920 haec
726 3876 824 3920 causa
854 3857 1020 3939 estquod
1052 3858 1139 3941 ipsos
1164 3857 1235 3921 illos
1259 3860 1345 3922 viros

224 3970 342 4050 doctos,
362 3969 481 4053 quibus
502 3969 687 4034 Athenaeus
708 3969 891 4033 auctoribus
904 3971 1014 4044 utitur,
1028 3989 1093 4032 non
1107 3970 1223 4033 alicubi
1236 3970 1345 4035 Xeno-

222 4084 352 4168 phontis
375 4102 496 4146 annum
517 4081 653 4146 natalem
676 4082 827 4146 traditum
848 4082 1033 4165 repperisse,
1053 4083 1107 4146 sed
1129 4083 1238 4148 eodem
1251 4085 1344 4147 modo

225 4217 288 4281 quo
312 4216 371 4260 nos
394 4196 428 4258 in
451 4214 488 4259 eo
512 4195 693 4280 indagando
717 4215 784 4259 rem
806 4215 897 4259 suam
918 4196 1021 4278 egisse
1040 4195 1208 4278 putabam,
1228 4197 1285 4260 ie.
1307 4217 1345 4260 ac

225 4311 263 4375 tis
288 4309 476 4394 praesertim
502 4330 584 4391 quac
604 4309 671 4390 epse
693 4308 867 4391 Xenophon
890 4310 925 4374 ν’νν
948 4308 1095 4378 Acutae·
1116 4309 1345 4378 marcatellum
