3330 5262
768 632 830 694 307

198 847 199 852 ¹
232 819 260 882 si
293 819 445 882 dixisset:
480 813 556 888 ὅπως
591 814 681 892 ὀλίγον
712 813 867 891 γενοίμεθα
898 812 948 878 ccl
978 811 1050 878 οὕτω
1083 813 1176 892 μηδὲν
1202 814 1362 892 δυναίμεθα

230 929 338 1001 αὐτοὺς
372 931 505 1008 ὠφελεῖν.
541 929 603 994 Sed
637 929 777 994 absurda
806 934 854 994 est
887 931 948 994 ista
980 949 998 993 a
1033 928 1296 1014 praecedentibus
1319 929 1362 994 ad

235 1041 453 1126 „paucitatis”
476 1044 810 1107 commemorationem
834 1043 989 1106 transitio.
1012 1041 1047 1106 Si
1069 1044 1153 1106 enim
1179 1045 1214 1106 in
1234 1061 1362 1126 praece·

232 1154 381 1219 dentibus
415 1160 522 1219 actum
558 1159 642 1220 esset
676 1156 716 1218 de
751 1155 861 1238 aliquo
891 1155 1017 1218 numeri
1047 1157 1166 1219 civium
1198 1155 1363 1219 minuendi

230 1269 374 1350 oonsilio,
408 1270 584 1332 rectissime
626 1269 704 1333 haec
740 1269 1033 1352 subiungerentur:
1073 1269 1237 1351 ,sciebam
1274 1271 1360 1334 enim

231 1377 404 1464 Spartanos
428 1401 558 1465 quoque
581 1401 645 1444 non
668 1381 702 1444 id
724 1386 892 1465 spectasse,
912 1387 949 1446 ut
970 1402 1068 1465 quam
1085 1384 1240 1446 minimus
1252 1387 1362 1446 noster

231 1492 321 1557 fieret
340 1513 505 1577 numanae,
517 1494 704 1578 nullamque
716 1496 794 1578 ipsis
807 1513 975 1580 possemus
987 1499 1147 1578 praestare
1161 1494 1360 1575 auxilium”;
1410 1521 1412 1524 ·

232 1627 335 1690 quum
370 1625 446 1671 vero
480 1607 710 1691 Spartanorum
745 1609 893 1691 exemplo
928 1613 1038 1673 utatur
1072 1608 1284 1680 Theramenes
1320 1609 1361 1672 ad

230 1720 527 1803 demonstrandum,
560 1741 619 1785 cur
653 1720 716 1785 sibi
748 1721 831 1785 illud
866 1721 1061 1805 collegarum
1093 1723 1262 1786 consilium
1296 1741 1362 1784 non

231 1833 394 1916 placuerit,
430 1835 516 1918 quod
551 1853 617 1898 non
647 1852 685 1898 eo
715 1835 869 1917 tenderet,
893 1840 929 1898 ut
952 1837 1039 1899 cives
1059 1836 1165 1918 pauci,
1190 1855 1301 1900 verum
1325 1840 1363 1898 ut

230 1945 352 2025 infirmi
380 1947 501 2029 fierent,
532 1965 681 2030 perverse
708 1952 739 2011 et
762 1949 869 2031 inepte
892 1950 1074 2012 ratiocinari
1100 1950 1280 2015 censendus
1304 1953 1363 2020 cst,

230 2058 280 2122 Ita
303 2061 390 2123 enim
418 2065 676 2143 argumentatur:
705 2060 979 2144 „improbandum
1003 2066 1072 2126 erat
1094 2062 1176 2125 illud
1200 2063 1239 2126 de
1262 2063 1359 2125 armis

230 2172 409 2236 adimendis
432 2173 612 2257 consilinm,
636 2175 789 2256 quoniam
815 2193 851 2238 eo
875 2174 1015 2258 populus
1037 2174 1187 2238 infirmus
1207 2174 1361 2238 reddeba-
1443 2168 1446 2174 ’

231 2289 300 2349 tur:
331 2305 396 2349 non
426 2288 513 2350 enim
541 2287 601 2351 hoo
623 2291 810 2370 spectarunt
833 2287 990 2370 Spartani,
1015 2307 1117 2370 quum
1142 2288 1241 2350 vitam
1266 2286 1358 2350 nobis

230 2398 465 2483 relinquebant,
487 2404 525 2463 ut
543 2401 639 2483 pauci
657 2399 831 2482 essemus,”
845 2401 939 2464 cuins
952 2401 1238 2484 argumentationis
1253 2397 1358 2483 priore
1388 2447 1390 2452 ,

230 2517 320 2595 parte
342 2512 461 2594 audita,
485 2513 632 2596 quisque,
656 2517 691 2576 ut
716 2514 837 2596 opinor,
857 2532 930 2577 eum
951 2514 987 2576 in
1007 2513 1106 2577 altera
1126 2532 1184 2596 pro
1208 2513 1360 2596 ,pauoi’',

230 2623 390 2688 dicturum
415 2643 486 2688 esse
512 2623 678 2705 „infirmi”
701 2631 871 2709 exspectet.
895 2625 1073 2690 Videamus
1094 2645 1182 2689 nunc
1202 2625 1359 2690 meliusne

230 2737 327 2802 verba
359 2759 378 2802 a
412 2757 463 2802 me
492 2737 670 2822 improbata
700 2758 773 2802 oum
798 2738 1007 2822 sequentibus
1032 2739 1227 2804 cohaereant.
1250 2738 1353 2802 Addit

230 2851 307 2914 haee
340 2851 567 2916 Theramenes:
602 2847 670 2924 ἐξῆν
702 2850 760 2930 γὰρ
793 2852 895 2924 adrolo
925 2851 948 2914 εἰ
978 2850 1081 2915 τούτου
1112 2875 1148 2928 γε
1172 2849 1277 2916 δέοιντο
1301 2849 1355 2914 cal

231 2961 344 3039 μνδένοο
378 2969 475 3026 λιπεῖν
509 2962 605 3040 ὀλίγον
634 2960 677 3027 ἔτι
707 2961 808 3043 χρόνον
838 2964 878 3043 τῷ
902 2963 979 3041 λιμῷ
1003 2961 1166 3034 ottocarus.
1193 2961 1353 3039 Quoniam

230 3081 336 3140 autern
370 3077 406 3138 in
439 3076 521 3140 illis:
552 3073 629 3148 ὅπως
660 3065 750 3153 ὀλίγον
772 3074 920 3154 γενόμενοι
943 3075 1036 3153 μηδὲν
1060 3075 1222 3152 acccipite
1248 3075 1356 3148 οούτοὺς

231 3189 366 3268 ὠφελεῖν,
390 3189 487 3254 verba
510 3188 599 3266 ὀλίγον
618 3189 769 3267 ’γενόμενοι
793 3192 959 3276 emphasin
984 3191 1110 3274 habent,
1134 3191 1173 3254 ad
1194 3211 1231 3256 ea
1249 3211 1358 3257 necer-

231 3303 315 3365 sario
336 3303 539 3367 referendum
562 3308 610 3367 est
632 3323 809 3387 pronomen
833 3303 943 3382 radron.
969 3303 1049 3381 Quis
1072 3324 1147 3369 vero
1173 3325 1237 3370 non
1262 3307 1359 3370 sentit

231 3413 402 3479 ridiculum
427 3435 496 3480 esse
519 3417 594 3479 hoc:
622 3418 676 3498 ,si
699 3416 847 3500 Spartani
864 3437 982 3496 ροοοοοε
1001 3437 1061 3482 nos
1081 3436 1151 3482 esse
1170 3419 1358 3500 voluissent,

230 3527 350 3591 nemini
379 3533 524 3592 nostrum
554 3530 777 3612 pepercissent,
800 3529 856 3594 sed
878 3529 923 3593 ad
943 3549 1046 3594 νοοοοοοο
1068 3550 1172 3595 omnes
1198 3533 1356 3615 (poterant

228 3642 327 3724 enim)
350 3641 630 3706 interfecissent'’l
650 3642 719 3707 Iam
738 3662 780 3707 ex
790 3645 839 3726 iis,
851 3663 935 3727 quae
949 3645 1118 3728 hucusque
1131 3645 1207 3725 dixi,
1220 3648 1358 3727 apparet,

229 3773 295 3818 non
317 3773 388 3818 esse
410 3774 466 3838 pro
490 3753 580 3831 ὀλίγον
602 3755 785 3838 legendum,
806 3757 893 3839 quod
911 3757 1022 3820 lectori
1041 3758 1076 3819 in
1090 3760 1228 3821 mentem
1242 3757 1354 3820 venire

228 3865 320 3930 facile
343 3869 452 3951 possit,
474 3866 613 3937 ἀσθενεῖς.
633 3867 726 3931 Illam
747 3870 832 3932 enim
855 3870 1071 3932 coniecturam
1093 3870 1120 3932 si
1132 3870 1355 3952 reciperemus,

229 3979 310 4044 bene
346 3980 474 4064 quidem
509 3981 596 4064 prior
625 3999 700 4064 pars
732 3983 884 4044 orationis
906 3981 1098 4064 procederet,
1120 3981 1221 4044 nihilo
1245 3986 1351 4046 tamen

228 4095 337 4157 minus
360 4092 499 4158 absurda
521 4094 619 4158 altera
640 4092 737 4158 ficret.
762 4093 845 4158 Nam
864 4095 1037 4158 ridiculum
1060 4095 1120 4158 hoc
1141 4113 1270 4178 quoque
1284 4100 1350 4159 est:

232 4207 287 4287 ,si
320 4205 468 4290 Spartani
497 4207 640 4288 infirmos
669 4227 729 4271 nos
753 4227 823 4272 esse
847 4208 1033 4290 voluissent,
1055 4227 1115 4272 nos
1141 4227 1246 4272 omncs
1267 4207 1352 4275 fame

228 4320 358 4385 interire
379 4323 467 4404 passi
489 4320 625 4386 ossent.”
649 4319 753 4396 Quem
777 4328 886 4386 autem
908 4341 1050 4387 errorem
1072 4328 1128 4388 aut
1151 4324 1219 4407 ipse
1240 4323 1353 4388 Xeno·
