3330 5262
746 603 811 668 365

215 789 357 852 nitivum
389 808 408 852 a
437 788 534 853 verbo
563 785 690 869 οὶνέιρκτο
712 790 905 874 pendentem
929 790 1189 857 conferatur‘hio
1213 793 1339 859 Aristo-

215 902 330 987 phanis
354 921 466 968 versus
490 903 581 986 (th.
606 903 698 986 laq:

435 1063 502 1138 τοὺς
525 1064 556 1130 δὲ
580 1060 698 1146 ξενίζειν
721 1063 858 1131 οὐδέποτέ
881 1065 912 1144 γ’
938 1061 1017 1145 ίσχει
1037 1064 1118 1148 θύρα.

256 1238 282 1322 1,
318 1239 368 1303 18.
402 1239 508 1305 Finita
537 1240 757 1306 adhortatione
785 1240 954 1324 Tolentias,
985 1241 1041 1305 ubi
1073 1261 1187 1308 omnes
1210 1248 1337 1328 paratos

214 1353 400 1437 alacresque
428 1354 523 1437 videt
545 1354 623 1418 haee
646 1354 749 1418 addit:
776 1350 875 1432 ύγετε,
900 1347 921 1416 ὦ
944 1351 1054 1435 ἄνδρες,
1081 1353 1259 1430 δειπνήσατε
1282 1357 1337 1436 μὲν

213 1461 306 1546 ὥσπερ
338 1465 387 1530 καί
421 1466 495 1552 (alii
525 1463 598 1547 ύίπερ
628 1463 680 1531 καί
704 1463 760 1552 θος)
786 1465 940 1544 ἐμέλλετε·
964 1465 1210 1548 προπαράσχεσθε
1233 1467 1265 1533 δέ
1288 1493 1337 1548 μοι

212 1582 285 1658 urdo
320 1578 430 1662 ἡμέρας
462 1587 541 1645 σῖτον
555 1629 562 1642 .
577 1628 585 1643 .
599 1627 630 1645 ..
654 1580 761 1646 Verba
793 1577 886 1661 ύσπερ
918 1578 969 1644 καί
1001 1579 1145 1659 ἐμέλλετε
1169 1588 1201 1648 et
1222 1605 1335 1664 προπα-

211 1692 357 1775 ρθσχεοθε
381 1693 412 1758 δέ
436 1717 485 1772 μοι
510 1699 595 1760 certo
619 1695 737 1759 certius
760 1698 909 1778 oorrupta
929 1699 1024 1776 sunt3
1046 1696 1136 1760 nulla
1156 1699 1243 1761 enim
1264 1717 1336 1762 sen·

211 1810 310 1873 tentia
329 1798 405 1872 huie
421 1809 492 1873 loco
511 1809 753 1873 accommodata
773 1826 815 1873 ex
831 1809 872 1872 iis
885 1808 1071 1892 extorqueri
1082 1814 1195 1893 potest.
1208 1807 1332 1874 Eorum

211 1921 279 1985 looo
309 1921 388 1986 haee
418 1920 483 1987 fere
513 1922 671 1986 sententia
700 1923 892 2005 requiritur:
928 1921 1017 2003 „cibi
1046 1923 1148 2007 eapite
1172 1929 1333 2006 qnantum

209 2034 308 2118 lubet,
331 2036 428 2100 etiam
452 2036 480 2100 si
502 2055 568 2099 non
591 2036 665 2120 plns
686 2055 784 2118 quam
805 2036 904 2099 nnius
923 2035 985 2099 diei
1006 2034 1209 2100 frumentum
1223 2056 1334 2122 super·

210 2146 281 2211 sit''.
305 2146 484 2212 Consilium
510 2149 597 2212 enim
621 2152 746 2232 asperat
764 2146 934 2231 Tolentias,
954 2167 1018 2231 quo
1039 2167 1157 2233 magna
1176 2148 1333 2214 frumenti

210 2262 301 2346 eopia
323 2261 386 2325 sibi
408 2262 570 2345 potiturus
593 2260 770 2344 videbatur,
793 2279 891 2346 seque
913 2262 947 2324 in
973 2280 1009 2325 eo
1033 2262 1240 2346 exsequendo
1260 2282 1333 2347 pro·

210 2393 301 2460 spero
327 2395 466 2440 usurum
494 2393 647 2440 successu
671 2375 748 2439 satis
773 2379 858 2440 serto
878 2373 1065 2439 confidebat

252 2488 278 2572 Ι,
308 2490 359 2552 21.
389 2488 547 2554 Telendos
578 2508 655 2553 oum
688 2489 790 2554 alasse
818 2509 919 2573 quum
944 2489 979 2552 in
1002 2492 1131 2573 portum
1155 2489 1332 2555 Athenien·

208 2603 294 2666 sium
330 2603 471 2668 venisset
503 2600 659 2666 καταθύειν
694 2602 749 2681 μὲν
784 2603 836 2666 ούιι
866 2599 912 2666 εία
942 2600 1122 2683 στρογγύλον
1146 2608 1246 2668 πλοῖον
1269 2603 1332 2668 οὐδὲ

207 2712 398 2792 λυμαίνεσθαι
428 2721 497 2787 ταῖς
520 2715 629 2779 ἑαυτῶν
653 2714 761 2779 ναυσίν.
786 2715 985 2800 Plerumque
1008 2716 1105 2781 verba
1128 2722 1196 2787 ταῖς
1220 2716 1329 2780 ἑαυτῶν

207 2827 305 2893 ναυσίν
337 2831 383 2894 sio
405 2831 656 2914 interpretantur
679 2832 740 2894 viri
765 2830 850 2894 docti
873 2835 911 2894 ut
934 2831 976 2894 sit
1001 2829 1186 2912 „ablativus
1209 2831 1330 2896 instru-

208 2943 339 3009 menti''.
371 2944 432 3008 Sed
464 2944 710 3029 languidissime
733 2963 770 3009 ea
792 2945 899 3009 addita
922 2949 1038 3027 essent,
1062 2946 1090 3010 ai
1113 2945 1191 3009 haee
1214 2963 1327 3009 eorum

207 3063 290 3122 esset
310 3059 481 3122 sententia:
504 3076 631 3143 semper
650 3059 739 3122 enim
758 3078 820 3122 sua
837 3077 920 3122 nave
938 3058 990 3122 vel
1009 3078 1087 3123 εαοο
1105 3059 1199 3123 navis
1217 3060 1330 3124 rostris

206 3172 347 3236 hostium
374 3191 473 3237 naves
498 3172 691 3257 demergunt
713 3177 839 3255 nautae,
859 3173 1059 3255 minimeque
1079 3191 1153 3256 ergo
1173 3173 1226 3236 hic
1246 3192 1328 3258 opus

206 3290 289 3351 esset
321 3286 501 3370 emphatico
530 3287 592 3351 isto
623 3285 740 3350 ἑαυτῶν.
771 3284 975 3351 Probabilius
1000 3286 1128 3350 videtur
1149 3286 1326 3352 Teleutiam

205 3399 312 3464 verbis
340 3405 407 3472 ταῖς
437 3398 547 3463 ἑαυτῶν
579 3397 665 3463 ναυσί
692 3401 849 3464 rationem
881 3400 1067 3484 reddidisse,
1100 3420 1199 3484 quare
1230 3401 1329 3465 nollet

205 3516 324 3580 milites
348 3535 425 3580 suos
449 3512 606 3580 καταδύειν
628 3513 669 3579 τθι
691 3513 864 3597 στρογγύλα
887 3522 988 3580 πλοῖα.
1011 3515 1109 3580 Nulla
1127 3517 1214 3582 enim
1235 3518 1327 3582 navis

204 3631 301 3695 aliam
333 3650 449 3696 navem
474 3632 657 3715 demergere
683 3636 796 3715 potest,
820 3633 899 3716 quin
923 3636 954 3696 et
975 3633 1045 3716 ipsa
1068 3631 1191 3716 aliquid
1214 3631 1327 3695 damni

205 3747 346 3830 accipiat.
369 3745 454 3830 Ergo
477 3751 533 3810 aut
555 3765 613 3830 pro
637 3750 777 3816 τοιῖς....
803 3742 901 3808 νοιοσίν
920 3744 1091 3829 legendum
1113 3748 1161 3808 est
1180 3741 1236 3815 τοὶς
1256 3744 1326 3814 ναῦς

204 3865 260 3925 aut
289 3859 471 3945 Xenophon
502 3859 555 3923 hio
583 3879 602 3922 a
627 3858 860 3923 consuetudine
882 3858 1022 3940 recessit,
1045 3854 1248 3940 verbumque
1272 3867 1325 3918 λυ-

203 3972 357 4052 μαίνεσθαι
387 3993 463 4038 oum
498 3972 605 4036 dativo
635 3971 752 4035 iunxit.
782 3969 981 4054 Plerumque
1012 3970 1099 4034 enim
1131 3968 1164 4032 id
1187 3966 1325 4032 verbum

203 4087 291 4173 apud
331 4106 407 4152 eum
441 4085 537 4151 habet
572 4086 802 4167 aecusativum,
835 4101 941 4167 neque
975 4083 1010 4146 in
1045 4100 1179 4146 censum
1216 4082 1326 4146 venire

201 4205 306 4286 potest
337 4200 423 4284 quod
451 4199 570 4284 legitur
598 4197 641 4282 Π,
673 4200 702 4282 3,
733 4197 774 4261 26
807 4192 834 4259 εί
852 4219 898 4268 τις
921 4194 1003 4274 ἡμῶν
1026 4196 1124 4260 αὐτῶν
1146 4191 1329 4272 λυμαίνεται

201 4311 297 4396 ταύτῃ
323 4320 360 4396 τῇ
383 4310 587 4377 καταστάσειν
610 4310 775 4398 probabile
798 4311 884 4376 enim
910 4329 977 4374 non
1000 4313 1049 4375 est
1070 4307 1323 4394 Xenophontem
