3348 5262
623 1605 790 1681 CAPUT
815 1603 1167 1680 DUODEOIMUM.

330 1855 377 1926 nd
408 1854 633 1942 xenophontis
666 1852 847 1924 Historiam
879 1851 1040 1923 Graecani
1071 1851 1307 1922 annotationes
1331 1853 1460 1923 variae.

375 2381 467 2448 Nulli
497 2402 556 2468 ego
586 2381 810 2465 Xenophontis
841 2379 924 2444 libro
947 2383 1073 2444 tantum
1097 2381 1251 2464 temporis
1273 2379 1461 2464 laborisque

333 2496 477 2580 impendi
501 2501 659 2580 quantum
683 2496 753 2559 eius
772 2494 935 2560 Historiae
955 2493 1102 2559 Graecae.
1113 2493 1195 2558 Nam
1208 2496 1315 2558 omnia
1328 2495 1462 2578 quidem

334 2609 451 2693 scripta
472 2608 709 2692 Xenophonteo
732 2608 972 2671 accuratissime
991 2607 1112 2691 perlegi
1130 2608 1302 2692 relegiqne,
1322 2611 1353 2672 et
1366 2608 1462 2691 quid-

333 2722 412 2805 quid
436 2721 514 2784 mihi
536 2723 570 2784 in
590 2721 655 2784 illis
675 2724 861 2804 corruptum
882 2719 1098 2784 obscurumne
1110 2719 1278 2784 videbatur
1289 2721 1462 2785 emendare

331 2835 383 2898 vel
406 2835 566 2919 explicare
589 2837 724 2897 conatus
748 2853 831 2915 sum,
855 2832 910 2896 sed
933 2851 1008 2916 prae
1032 2834 1145 2897 ceteris
1166 2851 1216 2896 me
1236 2831 1277 2896 rai
1296 2831 1462 2905 Ἑλληνικά

332 2947 530 3028 alliciebant3
561 2946 734 3011 identidem
766 2946 806 3010 ad
838 2945 893 3008 illa
915 2944 1067 3028 redibam,
1091 2965 1154 3009 non
1181 2946 1268 3029 quod
1291 2946 1370 3009 mibi
1392 2950 1462 3010 tam

332 3062 502 3146 placerent,
531 3061 587 3126 sed
618 3060 705 3144 quod
735 3060 769 3122 in
796 3058 930 3143 legendo
955 3059 1034 3122 mihi
1057 3060 1214 3122 maximas
1238 3059 1462 3143 plurimasque

331 3175 498 3259 pariebant
520 3174 698 3255 molestias;
721 3193 858 3258 quarum
878 3173 1001 3237 nullam
1021 3192 1127 3257 neque
1139 3173 1338 3258 negligebam
1351 3193 1460 3258 neque

332 3288 583 3371 dissimulabam,
619 3288 675 3354 sed
705 3288 740 3350 in
771 3286 908 3371 singulis
939 3291 1004 3350 tam
1029 3287 1085 3350 diu
1109 3286 1332 3371 subsistebam‚
1357 3287 1460 3352 doneo

334 3405 419 3466 oerta
455 3402 533 3464 mihi
566 3405 663 3466 staret
693 3400 857 3464 sententia.
888 3398 1003 3482 Itaque
1026 3401 1174 3482 quotiens
1198 3400 1319 3464 librum
1343 3419 1461 3464 exous-

333 3516 428 3580 serim
464 3515 520 3577 vix
552 3514 656 3578 dicere
688 3532 830 3597 possum,
861 3512 917 3577 sed
944 3513 1034 3576 nulla
1056 3517 1105 3578 est
1127 3515 1252 3597 pagina,
1275 3532 1358 3597 quae
1381 3513 1461 3577 mihi

332 3647 398 3691 non
430 3627 571 3711 aliquam
603 3626 752 3691 obtulerit
781 3624 913 3705 dormian,
945 3627 1039 3691 ouius
1061 3624 1143 3690 adano
1167 3632 1223 3691 aut
1246 3627 1323 3690 mihi
1347 3645 1463 3710 reppe-

294 3759 297 3764 ·
330 3742 411 3804 risse
444 3741 564 3824 videar,
595 3743 651 3804 aut
684 3739 798 3804 saltem
830 3739 982 3824 indagare
1012 3742 1072 3804 sim
1104 3746 1246 3805 conatus.
1269 3739 1391 3804 Verum
1417 3777 1461 3786 -

333 3853 420 3936 quod
443 3854 570 3938 saepius
593 3854 628 3916 in
652 3853 772 3917 nostris
796 3852 910 3917 studiis
934 3852 1076 3917 accidere
1100 3853 1244 3917 solet-
1267 3851 1379 3936 effugit
1398 3870 1464 3935 me,

331 3966 419 4049 quod
441 3986 567 4031 summa
586 3967 751 4052 diligentia
770 3965 994 4048 industriaque
1014 3966 1166 4048 quaesivi.
1183 3964 1357 4049 Sperabam
1369 3966 1459 4029 enim

327 4078 395 4145 fore
418 4085 456 4145 nt
479 4081 518 4145 de
541 4080 635 4145 totius
657 4078 733 4143 libri
758 4078 891 4142 oonsilio
914 4077 1052 4161 fatisque
1075 4082 1132 4142 arnt
1150 4097 1272 4141 norum
1294 4077 1458 4162 quoddam

327 4193 533 4259 informarem
555 4194 723 4274 iudicium,
748 4191 835 4276 quod
860 4193 936 4255 satis
958 4190 1122 4275 probabile
1139 4195 1231 4275 esset,
1251 4196 1307 4255 aut
1326 4196 1459 4256 senten·

331 4308 408 4372 tiam
439 4308 479 4371 ab
511 4308 582 4372 aliis
608 4305 763 4390 prolatam
788 4305 882 4369 novis
906 4307 1103 4389 argumentis
1126 4303 1294 4370 defendere
1316 4322 1455 4388 possem.
