3354 5268
865 545 906 612 32

324 737 486 803 Histo1iae
524 736 663 802 Graecae
694 735 790 814 1778)
821 738 958 818 postque
988 751 1063 798 eum
1095 733 1187 797 multi
1217 733 1311 796 etiam
1336 736 1444 797 nostro

325 857 467 934 tempore
499 850 561 912 viri
594 849 696 928 docti3
722 867 794 911 nam
819 865 1013 930 quamquam
1038 844 1121 908 Mori
1144 847 1251 928 opinio
1276 844 1315 910 de
1336 844 1446 909 Xeno·

325 964 482 1048 phonteae
513 961 673 1026 Anabasis
700 965 841 1043 tempore
864 961 980 1024 reiecta
1004 963 1060 1039 est,
1083 977 1123 1022 ex
1147 978 1211 1041 quo
1234 963 1358 1022 constat
1380 978 1444 1021 non

326 1095 392 1139 uno
424 1075 600 1158 eodemque
633 1079 772 1156 tempore
796 1071 969 1135 Historiam
996 1070 1148 1134 Graecam
1172 1089 1242 1134 esse
1265 1070 1445 1154 evulgatam

327 1191 446 1270 (censet
468 1189 552 1252 enim
576 1186 687 1250 Morus
710 1184 876 1248 Anabasin
899 1185 1049 1267 scriptam
1074 1202 1152 1264 esse,
1175 1181 1318 1246 absoluto
1336 1183 1401 1246 iam
1419 1187 1448 1246 el

327 1300 410 1364 adito
432 1299 575 1362 Historia
599 1297 739 1377 Graeca),
762 1301 868 1360 tamon
893 1295 986 1359 multi
1009 1296 1104 1359 etiam
1129 1314 1215 1358 nuno
1238 1295 1308 1360 eius
1330 1295 1369 1359 de
1388 1295 1447 1358 du·

328 1412 404 1496 plici
426 1410 568 1474 Anabasi
592 1410 782 1473 sententiam
807 1407 988 1480 defendunt,
1012 1408 1095 1470 iuter
1116 1425 1235 1490 eosque
1255 1405 1445 1470 Schenklius

329 1523 641 1608 (Xenophonteische
671 1521 804 1585 Studien
835 1520 861 1601 Ι,
890 1541 918 1604 p.
944 1520 1007 1582 636
1033 1521 1121 1602 eqqt,
1145 1521 1201 1602 qui
1225 1519 1448 1603 Xenophontis

328 1635 492 1699 Anabasiu
518 1639 590 1718 post
614 1654 639 1697 a.
666 1635 739 1713 311,
759 1634 888 1696 tertium
908 1631 1068 1695 Historiae
1089 1631 1226 1696 Graecae
1245 1631 1362 1696 librum
1375 1637 1448 1696 ante

330 1770 404 1814 eum
436 1767 556 1811 annum
582 1747 736 1830 scriptum
760 1764 830 1809 esse
854 1745 1024 1808 contendit.
1048 1743 1128 1808 Mihi
1151 1750 1257 1809 autem
1281 1765 1318 1809 ea
1342 1746 1448 1829 opinio

330 1881 462 1945 prorsus
488 1857 706 1943 improbabilis
730 1857 872 1921 videtur:
899 1861 955 1919 aut
977 1858 1062 1920 onim
1086 1856 1338 1941 Themistogenis
1361 1857 1448 1919 Ana-

330 1974 416 2038 basis
438 1972 645 2062 Xenophopti
667 1989 733 2034 non
756 1968 916 2053 placebat:
943 1968 1019 2052 quid
1043 1987 1118 2052 ergo
1143 1987 1212 2032 eam
1236 1969 1369 2032 citavit?
1393 1973 1449 2032 aut

332 2086 489 2170 placebat:
515 2085 591 2168 quid
616 2103 690 2167 ergo
713 2083 781 2167 ipse
804 2088 913 2165 postea
934 2081 1038 2144 denuo
1059 2082 1192 2146 eandem
1214 2083 1376 2146 materiem
1389 2081 1450 2144 sibi

333 2198 528 2262 tractandam
554 2195 715 2279 sumpsit?
738 2193 820 2257 Nam
841 2195 868 2256 si
885 2192 1137 2277 Themistogenis
1157 2193 1287 2257 Arabas
1306 2195 1335 2256 is
1355 2192 1450 2257 aXs·

333 2311 515 2395 nophontea
536 2309 598 2372 fuit
618 2308 751 2388 diversa,
770 2326 837 2370 eam
859 2305 1052 2370 nominando
1072 2306 1449 2371 handleviterlaudabat.

334 2425 461 2488 Etenim
495 2427 527 2487 et
557 2421 791 2506 Sophaenetum
823 2419 1059 2502 Stymphalium
1090 2419 1255 2484 Anabasin
1287 2421 1453 2504 scripsisse

335 2541 473 2600 constat:
495 2536 648 2599 samiam
671 2534 772 2597 multo
784 2539 857 2597 ante
868 2532 985 2596 librum
998 2535 1127 2598 tertium
1139 2533 1301 2599 Historiae
1313 2534 1451 2598 Graecae

334 2649 434 2712 fuisse
465 2647 643 2711 absolutam
674 2646 783 2730 liquet,
811 2666 883 2708 nam
915 2645 1127 2729 expeditionis
1151 2651 1292 2731 tempore
1316 2647 1453 2738 Sophos-

336 2766 430 2824 netus
461 2766 527 2824 erat
554 2759 672 2823 ducum
697 2764 774 2822 natu
799 2759 960 2823 maximus
984 2761 1056 2837 (Au.
1080 2759 1119 2842 V,
1144 2761 1173 2841 3,
1198 2760 1313 2841 1;.V1,
1339 2763 1368 2842 5,
1393 2762 1453 2842 13).

335 2873 428 2937 Hanc
451 2878 567 2955 autem,
591 2892 785 2956 quamquam
809 2871 848 2934 ab
873 2873 998 2936 oculato
1022 2878 1102 2937 teste
1122 2875 1238 2957 scripta
1256 2874 1454 2957 orat,Xono·

335 2987 421 3076 phon
447 2987 573 3050 silentio
597 2987 763 3069 praeterit3
788 2985 881 3048 aliam
903 2985 1021 3066 laudat,
1040 2987 1203 3069 scriptoris
1223 3006 1338 3052 nomen
1359 2988 1456 3069 addit,

338 3098 416 3182 quid
451 3117 487 3162 ea
520 3099 720 3162 contineatur
753 3097 890 3161 breviter
919 3098 1047 3162 iudicat.
1078 3098 1224 3164 Profecto
1257 3103 1403 3184 egregius
1427 3103 1456 3165 ei

338 3213 473 3294 scriptor
492 3210 751 3293 Themistogenes
774 3211 863 3274 visus
887 3215 943 3292 est,
966 3213 1150 3294 praesertim
1170 3233 1271 3296 quum
1292 3214 1361 3278 sine
1381 3234 1456 3277 nar·

338 3324 471 3387 rationis
501 3323 690 3386 detrimento
721 3327 786 3386 tota
817 3323 887 3387 eius
909 3323 983 3386 libri
1006 3326 1125 3388 mentio
1150 3325 1260 3391 abesse
1282 3328 1456 3410 potuisset!

340 3433 424 3511 Quid
447 3454 522 3518 orgo
545 3436 613 3518 ipse
636 3435 769 3498 iliadem
793 3436 908 3498 cecinit
929 3439 1002 3519 post
1024 3435 1227 3512 Homerum?

383 3548 496 3630 Itaque
528 3566 564 3611 eo
596 3547 678 3611 redit
707 3565 767 3628 res,
798 3553 834 3610 ut
856 3547 916 3611 sub
939 3546 1190 3632 Themistogenis
1214 3551 1342 3614 nomine
1366 3569 1458 3615 suam

339 3660 505 3724 Anabasin
539 3659 721 3744 Xenophon
754 3661 904 3724 ediderit:
936 3661 1023 3744 quod
1053 3669 1161 3726 antem
1191 3662 1378 3742 ψευδώνυμος
1400 3664 1455 3729 illo

339 3772 597 3856 Themistogenes
639 3775 765 3857 scripsit
808 3779 946 3857 quatuor
979 3775 1139 3857 prioribus
1173 3776 1333 3840 Anabasis
1368 3777 1457 3841 libris

341 3887 538 3964 continetur;
570 3905 670 3969 eaque
701 3906 761 3968 res,
788 3897 824 3950 ut
847 3887 926 3950 mihi
948 3888 1078 3970 quidem
1102 3889 1237 3972 videtur,
1261 3909 1364 3954 meam
1389 3897 1460 3954 sen-

341 3999 471 4061 tentiam
497 3998 536 4062 de
563 3999 621 4062 hac
643 3999 801 4091 Anabasis
824 4007 913 4083 parte
937 4002 1104 4083 separatim
1128 4002 1211 4065 edita
1236 4002 1322 4065 haud
1345 4004 1457 4067 leviter

341 4109 514 4174 confirmat.
538 4108 631 4186 Quod
653 4116 760 4175 autem
784 4110 974 4178 Schenklius
997 4110 1082 4193 dicit,
1106 4132 1171 4175 non
1194 4133 1230 4177 eo
1254 4115 1347 4178 modo
1370 4115 1457 4178 Ana·

342 4222 434 4286 basin
456 4223 606 4306 scriptam
629 4241 707 4306 esse,
730 4228 766 4286 ut
790 4224 862 4306 quis
886 4223 1048 4306 scripserit
1070 4224 1167 4288 latore
1190 4227 1298 4310 possit,
1319 4227 1358 4291 de
1378 4245 1460 4290 aare
