3330 5262
840 613 903 676 398

368 797 457 880 Rem,
488 815 569 881 quae
598 797 702 880 primo
733 799 862 879 aspectu
886 799 997 860 contra
1018 815 1125 860 rerum
1150 801 1299 860 naturam
1322 801 1449 861 certare

324 912 461 993 videtur,
492 911 537 974 ita
560 908 728 975 defendere
750 914 782 973 et
804 909 965 994 explicare
988 914 1085 994 potes,
1108 915 1145 974 ut
1166 909 1279 994 fingas,
1302 915 1449 975 montem

324 1025 358 1088 in
395 1043 458 1108 quo
493 1043 553 1086 arx
585 1022 682 1087 fuerit
715 1023 785 1104 sita,
820 1021 860 1085 ab
891 1041 956 1086 uua
986 1030 1074 1107 parte
1104 1028 1311 1107 praeruptum
1335 1023 1450 1105 fuisse,

325 1156 400 1222 ergo
434 1141 570 1202 ceteram
607 1135 719 1200 urbem
748 1137 782 1199 in
814 1137 932 1200 montis
963 1135 1084 1200 declive
1107 1141 1137 1200 et
1160 1138 1194 1199 in
1216 1136 1348 1220 planum
1373 1156 1449 1201 esse

325 1254 510 1335 porrectam,
533 1250 577 1313 ita
597 1253 633 1312 ut
652 1253 684 1312 et
702 1249 827 1312 moenia
846 1246 936 1313 urbis
956 1250 1074 1314 sensim
1095 1249 1331 1332 adscenderent,
1344 1250 1449 1314 donec

323 1365 359 1427 in
390 1383 552 1428 summum
583 1366 722 1426 montem
753 1363 971 1447 pervenirent3
995 1363 1029 1427 id
1051 1368 1158 1428 autem
1181 1365 1215 1426 in
1238 1363 1349 1428 tabula
1374 1383 1447 1428 mea

326 1476 505 1562 significare
538 1475 638 1557 nolui,
669 1494 709 1540 ne
744 1475 927 1560 typothetae
957 1477 1094 1540 aliorum
1124 1496 1290 1562 operarum
1321 1479 1447 1541 auxilio

326 1597 409 1658 esset
433 1591 596 1656 utendum.
618 1589 771 1654 Indicabo
795 1610 883 1654 nunc
905 1589 1130 1677 Xenophontis
1154 1593 1260 1674 verba,
1284 1612 1301 1657 e
1325 1592 1447 1676 quibus

326 1711 474 1791 appareat
508 1705 604 1769 talem
639 1703 739 1768 fuisse
775 1703 865 1768 urbis
895 1703 1057 1770 Phliuntis
1089 1707 1196 1788 situm,
1228 1705 1354 1790 qualem
1386 1725 1447 1791 ego

327 1820 496 1904 descripsi:

504 1932 523 2014 ξ
548 1933 575 1995 7.
606 1931 630 1994 οἱ
660 1930 792 2009 πολέμιοι
823 1929 973 2012 ἐμάχοντο
995 1934 1024 1996 ἐν
1047 1933 1087 2013 τῷ
1111 1931 1228 2014 πρόσθεν
1251 1936 1307 1996 πῶν
1329 1932 1368 2004 εἷς
1392 1932 1448 2005 τὴν

460 2041 543 2108 πόλιν
573 2048 718 2126 Φερουπῶν
748 2048 855 2108 πυλῶν.
880 2045 983 2110 Erant
1006 2066 1081 2131 ergo
1103 2049 1197 2112 etiam
1224 2048 1305 2112 arcis
1328 2053 1449 2130 portae,

462 2178 544 2242 quae
567 2160 689 2223 nonin
713 2158 835 2241 urbem,
858 2160 913 2224 sed
937 2165 1028 2224 extra
1051 2159 1162 2225 urbem
1187 2161 1347 2226 ducerent.

505 2271 546 2336 ib.
580 2273 613 2336 πὸ
647 2271 702 2349 μὲν
736 2265 782 2336 οὖν
816 2270 906 2349 μέσον
935 2277 989 2345 πῆς
1019 2271 1200 2354 ἀκροπόλεως
1231 2272 1311 2340 εὐθὺς
1341 2269 1448 2352 ἔρημον

462 2386 586 2466 ἐγένετο·
609 2385 658 2452 ἐπὶ
683 2386 714 2451 δὲ
737 2386 770 2452 τὸ
793 2393 891 2466 τεῖχος
914 2384 965 2450 καὶ
990 2386 1056 2460 ποὺς
1079 2385 1205 2468 πύργους
1228 2383 1398 2464 αναβοένπες
1423 2385 1448 2449 οἱ

461 2500 594 2579 πολέμιοι
617 2501 677 2565 κπὲ.

504 2615 546 2679 ib.
569 2614 649 2680 κατα
678 2613 735 2688 πρὶς
758 2613 808 2678 ἐπὶ
831 2615 864 2679 τὸ
886 2620 989 2694 τεῖχος
1012 2612 1156 2696 φερούσας
1180 2612 1334 2692 κλίμακας
1357 2635 1446 2694 προπ-

458 2726 621 2809 εμοὶχονπο.

507 2843 525 2925 ᾗ
550 2847 578 2907 8.
614 2841 638 2907 οἱ
667 2841 698 2906 δὲ
729 2840 795 2914 τοὺς
824 2839 875 2906 καὶ
906 2837 1006 2915 ἔξωθεν
1038 2837 1079 2904 ἔπι
1109 2839 1375 2919 ἐπαναβαίνοντας,
1399 2837 1447 2902 ἐπὶ

462 2963 531 3028 ταῖς
553 2952 694 3034 κλίμαξιν
717 2953 812 3028 ὄντας,
838 2952 945 3018 ἔπαιον.

375 3069 459 3146 Quid
494 3076 600 3136 autem
633 3071 663 3152 (ἕ
686 3072 717 3153 8)
750 3068 906 3154 significet
936 3067 1015 3132 ναπα
1046 3067 1182 3150 κεφαλὴν
1212 3068 1246 3132 πὸ
1272 3073 1372 3147 τεῖχος
1393 3072 1448 3139 πῆς

331 3180 510 3265 ἀκροπόλεως
534 3181 683 3264 διώρυττον
707 3184 781 3248 sciri
804 3203 869 3246 non
893 3187 1006 3267 potest,

375 3297 417 3381 H,
441 3300 468 3362 5.
503 3295 566 3360 ἐπεὶ
598 3297 629 3361 δὲ
661 3297 684 3361 οἱ
714 3297 768 3374 μὲν
797 3294 899 3360 σκοποὶ
931 3297 1087 3373 ἐσήμαινον
1114 3295 1246 3360 ἀπὸτοῦ
1270 3293 1448 3378 Τρικαριίνου

331 3413 368 3486 ὡς
392 3410 536 3489 πολεμίων
559 3412 701 3475 ἐπιόντων.
728 3411 805 3476 Post
827 3409 982 3487 ἐσήμαινον
1001 3411 1203 3495 interpunxit
1226 3409 1449 3492 Schneideru8‚

332 3532 369 3590 ut
391 3525 450 3589 οέπὸ
471 3528 522 3589 τοῦ
546 3523 722 3604 Τρικαράνου
746 3524 784 3588 ab
808 3521 941 3587 ἐπιόντων
959 3523 1120 3608 penderet,
1139 3523 1226 3607 quod
1245 3523 1308 3587 iam
1320 3527 1448 3607 propter

332 3639 507 3705 sententiae
531 3642 723 3702 structuram
744 3657 858 3721 parum
881 3636 1043 3720 probabile
1063 3642 1118 3700 est.
1138 3635 1180 3701 Et
1198 3637 1342 3721 neglexit
1360 3655 1449 3720 prae

332 3758 418 3818 terea
453 3753 502 3815 vir
535 3752 739 3816 acutissimus
772 3749 1015 3834 Xenophontem
1050 3751 1125 3814 inde
1158 3769 1176 3812 a
1210 3750 1228 3831 ᾗ
1263 3750 1450 3813 lhuiusce

334 3866 444 3949 capitis
480 3865 601 3949 digredi
635 3864 674 3928 ad
709 3882 759 3928 res
791 3863 949 3944 prioribus
982 3863 1079 3928 αααοε
1114 3867 1219 3947 gestas
1250 3863 1450 3927 enarrandas.

332 3978 508 4063 Apparebit
531 3978 590 4041 hoc
614 3997 632 4041 e
655 3975 797 4042 subiecta
820 3977 928 4041 tabula
951 3977 1191 4060 chronologica:

509 4090 551 4174 II,
583 4092 611 4153 2.
644 4088 724 4154 Cum
754 4091 825 4154 aliis
856 4091 951 4155 sociis
982 4088 1115 4153 Phliasii
1139 4088 1302 4173 Spartanis
1326 4089 1449 4153 auxilio

467 4207 610 4287 veniunt,
630 4204 708 4268 dum
726 4205 833 4268 hostes
853 4208 929 4268 sunt
949 4201 1102 4285 Amyclis.
1123 4203 1248 4266 Accidit
1268 4204 1327 4266 hoc
1339 4205 1450 4268 eodem

467 4325 694 4404 temporeque
719 4337 801 4403 quae
823 4317 880 4402 VI,
905 4319 933 4402 5,
958 4318 1000 4380 29
1024 4322 1151 4381 narrata
1175 4323 1258 4382 sunt.
