3330 5262
874 628 939 690 324

339 829 395 874 sus
416 813 536 874 'metus
571 815 727 874 noverant
760 811 1036 895 meminerantque
1071 829 1199 876 omnes:
1231 812 1286 876 illo
1316 814 1386 897 ipso
1409 814 1458 877 die

337 942 444 1007 rogem
479 923 574 986 domo
608 923 797 1008 profugisse,
833 942 939 1007 neque
976 924 1107 988 domum
1141 925 1275 989 rediisse
1310 926 1458 990 sciebant.

337 1035 457 1100 Tamen
487 1055 572 1100 anno
596 1036 646 1100 vel
670 1036 839 1100 undecimo
864 1055 974 1101 mense
997 1042 1070 1120 post
1092 1038 1162 1101 eius
1187 1036 1310 1102 abitum
1334 1040 1462 1122 reginae

336 1165 418 1231 puer
439 1149 591 1212 nascitur.
615 1146 718 1222 Quam
741 1147 959 1232 impudentem
981 1167 1051 1212 eam
1070 1147 1231 1232 fingamus
1250 1149 1361 1232 tuisse,
1381 1169 1461 1233 quae

336 1260 491 1323 infantem
524 1278 561 1323 eo
593 1264 735 1343 tempore
766 1265 877 1324 natum
908 1279 950 1325 ne
973 1265 1087 1324 conata
1111 1261 1241 1344 quidem
1265 1263 1307 1325 sit
1330 1261 1460 1326 abscon-

338 1372 420 1455 dere,
443 1371 539 1438 aliive
560 1373 690 1437 mulieri
712 1373 914 1456 persuadere,
937 1378 973 1437 ut
995 1377 1159 1456 tamquam
1184 1393 1282 1437 suum
1306 1376 1460 1457 acciperet

337 1485 525 1569 aleretque?
559 1485 605 1549 At
636 1505 703 1550 non
738 1486 843 1550 solum
877 1487 1038 1550 eiusmodi
1069 1491 1182 1551 conata
1214 1486 1294 1549 nihil
1325 1492 1383 1569 est,
1405 1487 1461 1551 sed

337 1597 446 1662 adulto
469 1599 532 1661 iam
557 1596 751 1680 Leotychide
774 1616 815 1662 ex
837 1598 943 1682 Agidc
966 1617 1041 1664 oum
1064 1617 1098 1664 se
1121 1600 1305 1683 concepisse
1325 1599 1461 1663 affirma-

335 1709 398 1774 bat.
422 1710 472 1774 Ita
496 1713 581 1774 enim
605 1712 691 1795 apud
712 1710 961 1795 Xenophontem
984 1712 1139 1795 legimus:
1160 1711 1232 1774 ἀλλ’
1253 1710 1269 1782 ἡ
1290 1710 1366 1774 πολὺ
1385 1708 1460 1776 κάλ·

336 1835 395 1885 λοον
419 1821 523 1886 ἐκείνου
546 1821 645 1885 sidcis
664 1820 760 1903 μήτηρ
783 1819 836 1886 atti
861 1826 910 1886 νῦν
934 1819 975 1886 ἔτι
999 1821 1100 1902 <hasla
1125 1822 1188 1888 Sed
1211 1825 1377 1888 mittamus
1395 1824 1462 1889 Xe·

335 1935 548 2019 nophontem:
574 1935 746 2000 Plutarcho
769 1935 866 2000 fidem
889 1936 1075 2000 habeamus.
1100 1934 1234 2011 Qualem
1259 1937 1299 2000 ad
1321 1938 1460 2020 Agidem

336 2046 513 2132 Deceleam,
546 2053 583 2112 ut
614 2050 735 2132 opinor,
765 2048 933 2112 credamus
968 2049 1094 2112 misisse
1125 2050 1277 2113 nuntium
1300 2049 1461 2134 ephoros?

337 2163 390 2225 An
410 2162 633 2226 huiuscemodi
652 2163 814 2245 prooemio
834 2161 977 2243 scytalen
997 2181 1088 2226 suam
1102 2168 1275 2227 ornarunt:
1289 2156 1310 2224 ὦ
1322 2162 1461 2239 βασιλεῦ,

335 2270 432 2337 πάλον
464 2273 519 2351 μὲν
550 2271 742 2354 characatis
766 2272 923 2351 εὐτυχοῦσι
947 2271 1146 2353 κοοδτρίμηνοο
1168 2271 1274 2338 ratila
1297 2274 1460 2352 γίγνεσθον·

335 2386 372 2449 σὺ
403 2385 434 2450 δὲ
465 2385 541 2450 πολὺ
572 2383 695 2473 τούτων,
711 2383 973 2467 εὐδαιμονέστερος·
997 2383 1030 2458 ἣν
1055 2385 1112 2465 wip
1136 2383 1202 2450 olna
1224 2385 1384 2460 κατέλιπες
1404 2411 1461 2466 yv-

335 2504 431 2572 νοοῖοοοο,
456 2496 503 2562 ὅτε
525 2498 565 2578 τῷ
588 2497 699 2577 σεισμῷ
724 2535 764 2545 -
789 2496 941 2576 μέμνησαι
964 2495 1023 2578 γάρ
1049 2536 1090 2545 -
1114 2496 1237 2579 φεύγειν
1260 2498 1461 2577 tractatum,

335 2608 410 2684 οοῦεη
446 2634 488 2674 σον
518 2609 713 2688 ἑνδεκοὶμννον
739 2607 776 2694 (ἢ
807 2607 1030 2695 δωδεκάμηνον)
1057 2609 1170 2675 ποιοδίον
1192 2610 1333 2678 circaea?
1357 2612 1463 2688 Quam

336 2725 485 2809 stupidus
516 2729 621 2789 autem
653 2724 722 2807 ipse
746 2743 805 2788 rex
828 2723 899 2806 fuit,
922 2726 979 2807 qui
1002 2729 1070 2788 tum
1095 2725 1312 2808 suspicaretur
1326 2713 1464 2789 'tantum

336 2837 466 2922 aliquod
501 2839 611 2901 uxoris
644 2842 820 2920 peccatum,
849 2856 915 2900 non
939 2838 1046 2901 statim
1070 2857 1139 2902 eam
1164 2838 1355 2921 repudiaret.
1377 2838 1464 2923 Ipse,

335 2952 450 3034 hercle,
471 2950 692 3033 Leotychides,
716 2970 913 3034 quamquam
937 2950 1110 3014 admodum
1133 2950 1319 3015 adolescens
1338 2957 1404 3016 orat
1419 2989 1462 2998 —

337 3065 578 3148 quindecimum
603 3065 689 3127 enim
712 3065 824 3127 aetatis
848 3082 969 3127 annum
990 3063 1104 3147 agebat
1125 3101 1166 3109 --
1187 3068 1293 3128 tamen
1305 3084 1362 3148 pro
1375 3071 1463 3129 certo

336 3177 456 3242 sciebat
478 3177 592 3261 Agidis
616 3197 651 3242 se
673 3177 778 3240 filium
800 3196 866 3240 non
890 3195 968 3259 esse,
992 3195 1097 3260 neque
1121 3196 1248 3261 sperare
1270 3183 1401 3262 poterat,
1427 3199 1463 3244 se

337 3309 482 3375 unquam
512 3293 542 3354 ei
569 3309 805 3356 successurum.
829 3291 874 3354 At
895 3291 1016 3374 regiam
1040 3290 1102 3354 sibi
1125 3291 1301 3354 vindicavit
1324 3291 1463 3374 dignita-

335 3409 409 3485 tem,
443 3404 668 3488 postulatoque
702 3404 772 3467 eins
803 3405 888 3466 cives
921 3404 1095 3487 ephorique
1117 3384 1336 3488 praebuerunt
1356 3425 1463 3488 auree,

335 3531 442 3600 neque
473 3535 546 3581 oum
578 3520 742 3599 tamquam
775 3515 993 3598 impudentem
1025 3521 1226 3580 econventu
1252 3535 1311 3580 suo
1335 3521 1463 3600 protur-

335 3630 453 3695 barunt
476 3634 532 3694 aut
555 3633 718 3713 tamquam
743 3629 895 3693 stolidum
915 3648 1050 3712 puerum
1072 3629 1261 3711 deriserunt,
1274 3631 1331 3713 qui
1350 3633 1463 3695 matris

333 3743 483 3809 infamiae
506 3744 692 3808 memoriam
716 3747 894 3824 renovaret,
919 3747 955 3807 ut
977 3743 1010 3806 id
1033 3747 1162 3827 peteret,
1187 3743 1274 3826 quod
1299 3745 1463 3808 neminem

334 3856 396 3922 sibi
425 3877 653 3922 concessurum
686 3875 756 3922 esse
783 3857 875 3920 facile
899 3857 1057 3920 coniicere
1079 3861 1194 3940 posset.
1219 3857 1351 3921 Accedit
1375 3858 1464 3942 quod

334 3988 470 4053 puerum
494 3971 597 4053 illum,
621 3989 718 4054 quem
742 3969 869 4033 Timaea
890 3973 1061 4053 pepererat,
1082 3988 1196 4052 quum,
1215 3987 1281 4032 non
1301 3965 1462 4041 etiamsed

333 4079 427 4145 edatur
462 4077 529 4155 ἐξῆν
560 4083 637 4161 αὐτῇ
670 4086 775 4153 τεκεῖν,
806 4085 916 4165 postea
945 4099 1003 4165 pro
1036 4099 1095 4146 suo
1120 4080 1200 4164 Agis
1225 4081 1363 4164 agnovit.
1385 4081 1463 4165 Ipse

334 4194 527 4260 Plutarchus
560 4196 621 4258 hoc
655 4199 772 4276 narrat,
804 4193 954 4277 idemque
988 4195 1084 4258 tradit
1114 4194 1294 4258 Pausanias
1326 4193 1394 4275 (111,
1419 4196 1463 4276 8).

337 4305 400 4384 Qui
434 4314 541 4374 autem
575 4313 685 4393 postea
714 4307 762 4370 illi
793 4307 839 4370 rei
862 4306 959 4371 fidem
982 4306 1097 4372 habere
1120 4306 1201 4390 Agis
1224 4307 1337 4390 potuit,
1361 4327 1461 4389 quam
