3330 5262
727 632 789 694 321

197 835 279 900 quae
313 815 410 880 verbo
445 813 594 894 πεμφθείη
631 814 738 878 addita
772 818 828 878 est.
858 813 913 878 Sin
947 813 1177 898 Spartanorum
1207 815 1322 899 legatis

196 929 377 993 tribuemus
408 927 506 991 verba
536 927 588 990 οὐκ
618 924 654 989 ἂν
679 924 840 1005 θαυμάζειν
863 926 935 999 art,
961 929 1137 992 rectissime
1161 947 1198 992 ea
1220 930 1324 1012 posita

196 1044 263 1106 erit.
297 1041 519 1104 Narraverunt
548 1039 696 1123 Spartani
726 1041 831 1124 legati,
856 1041 934 1124 quid
958 1041 1199 1106 Chersonesitae
1223 1043 1322 1126 petie-

195 1157 277 1234 rint3
312 1173 400 1217 nunc
430 1153 552 1216 addunt
585 1151 748 1235 probabile
772 1152 834 1216 sibi
857 1152 960 1244 videri
981 1154 1053 1218 illos
1077 1156 1202 1218 etiarn
1225 1155 1325 1237 impe·

194 1271 335 1332 traturos
359 1285 438 1348 esse,
462 1285 545 1350 quae
568 1266 708 1350 cupiant.

240 1379 282 1462 Π,
307 1381 357 1444 10.
382 1379 616 1444 Chersonesum
640 1378 827 1460 Dercylidaa
850 1381 945 1461 venit,
970 1375 1003 1451 ἣν
1022 1379 1206 1456 caracara
1225 1379 1324 1452 πόλεις

196 1491 252 1569 μὲν
286 1489 388 1555 tetrae
422 1489 438 1564 ἢ
473 1491 586 1555 δώδεκα
619 1488 758 1570 ἔχονοοιν,
794 1491 895 1571 χώραν
930 1491 961 1554 δὲ
993 1490 1237 1572 παμφορωτάτην
1270 1489 1323 1555 καὶ

196 1603 315 1684 ἀρίστην
346 1597 434 1667 οὖοονν
464 1604 523 1667 κτὲ.
557 1603 653 1668 Haud
685 1604 782 1668 dubie
807 1605 1010 1689 participium
1035 1597 1125 1668 οὗοοιν
1150 1605 1323 1669 delendum

196 1723 260 1782 est:
291 1716 366 1781 ferri
398 1722 512 1801 posset,
536 1719 564 1780 si
592 1716 834 1781 substantivum
855 1714 956 1796 χῶρον
981 1717 1152 1782 articulum
1176 1717 1323 1798 haberet3

196 1837 264 1897 tum
290 1834 375 1895 enim
398 1852 417 1894 a
438 1833 604 1915 participio
627 1830 810 1908 κοτοιμοοθών
831 1831 913 1895 duae
933 1832 1108 1914 penderent
1128 1831 1324 1895 sententiae:

198 1941 230 2017 ἣν
243 1993 250 2008 .
265 1991 272 2006 .
288 1992 316 2007 ..
341 1941 469 2023 ἔχονοονν
494 1950 525 2008 et
546 1943 599 2017 riv
622 1941 653 2008 δὲ
676 1943 776 2023 χώραν
789 1991 796 2006 .
810 1993 817 2006 .
831 1992 861 2007 ..
887 1937 983 2008 οὖοοον.
1010 1943 1041 2007 Ν
1044 1964 1106 2008 unc
1120 1943 1323 2025 'Dercylidas

198 2059 388 2142 cognovisse
418 2059 551 2122 dicitur:
582 2054 624 2120 ὅτι
648 2056 665 2129 ἡ
691 2054 860 2137 Χερρόνησος
884 2055 982 2128 πόλεις
1006 2053 1061 2134 μὲν
1084 2053 1197 2128 ἕνδεκα,
1222 2055 1323 2136 χώραν

197 2168 228 2232 δὲ
251 2169 496 2250 παμφορωτάτην
518 2167 591 2248 ἔχει.

240 2283 283 2365 li,
309 2284 357 2346 12.
387 2281 438 2346 xci
468 2281 559 2362 μέχρι
590 2280 692 2346 τούτου
727 2286 778 2346 τοῦ
813 2280 917 2361 χρόνον
950 2282 979 2344 ἕν
1010 2279 1100 2361 εἰρήνῃ
1125 2280 1223 2358 διῆγον
1246 2290 1323 2344 Τοσ-

198 2393 345 2476 οοιφέρννς
377 2417 409 2459 τε
439 2393 492 2459 aad
529 2393 713 2475 Δερκυλίδας
747 2395 807 2458 κτὲ.
845 2395 924 2460 Post
953 2393 1043 2474 μέχρι
1073 2395 1243 2458 inserenda
1276 2400 1324 2459 est

197 2509 354 2594 particula
382 2506 445 2585 μέν.
478 2508 556 2572 Mox
579 2511 667 2573 enim
691 2509 838 2592 sequitur
861 2505 925 2570 ἐπεὶ
950 2506 982 2570 δὲ
1005 2504 1211 2586 ἀφικνούμενον
1235 2504 1323 2587 τρέο-

198 2621 262 2699 βενς
285 2621 346 2687 κτὲ.

242 2735 284 2818 Π,
320 2737 371 2799 21.
407 2734 495 2810 Quae
530 2736 605 2800 inde
635 2735 674 2798 ab
706 2736 766 2799 hoc
796 2735 866 2798 loco
901 2753 1006 2818 usque
1030 2734 1070 2797 ad
1093 2735 1205 2818 capitis
1227 2734 1324 2798 finem

198 2848 352 2932 leguntur
386 2850 512 2932 egregie
545 2849 704 2913 illustrate
741 2853 817 2912 sunt
848 2869 867 2911 a
896 2847 1042 2911 Busoltio
1074 2849 1108 2924 in
1139 2847 1222 2910 libro
1250 2848 1328 2929 „die

198 2959 483 3026 Lakedaimonier’'
508 2961 550 3045 (p.
575 2961 771 3044 146-199),
794 2980 889 3044 quem
916 2965 952 3024 ut
971 2961 1136 3024 conferant
1152 2960 1328 3026 lectoribus

200 3078 312 3137 auctor
334 3094 416 3138 snm.

243 3186 285 3271 11,
320 3188 370 3250 21.
404 3186 551 3252 Narratio
586 3187 625 3252 de
656 3186 753 3250 Licha
784 3185 941 3270 Spartano
972 3187 1165 3270 iniuriaque,
1198 3206 1262 3269 qua
1285 3186 1324 3250 ab

199 3299 287 3364 Eleis
311 3299 442 3365 affectus
466 3305 523 3384 est7
547 3319 612 3363 non
632 3300 672 3364 ab
691 3301 761 3384 ipso
781 3298 997 3382 Xenophonte
1018 3300 1135 3382 scripta
1154 3317 1224 3363 esse
1236 3299 1326 3362 vide-

200 3418 263 3498 tur,
297 3414 354 3478 sed
387 3416 507 3478 inserta
540 3414 579 3478 ab
612 3415 720 3497 aliquo
753 3413 861 3495 sciolo,
887 3413 943 3496 qui
967 3412 1143 3476 doctrinam
1167 3416 1326 3477 ostentare

201 3526 306 3592 vellet.
337 3526 426 3603 Quae
457 3529 542 3592 enirn
574 3527 659 3610 apud
682 3526 901 3606 Thucydidem
925 3525 975 3608 (V,
1001 3526 1054 3607 50)
1077 3525 1241 3609 leguntur,
1264 3525 1327 3588 huc

201 3645 278 3704 sunt
312 3640 473 3723 translata,
504 3640 560 3704 sed
590 3645 655 3704 tam
688 3639 803 3722 puerih
827 3657 973 3702 sermone
997 3639 1171 3719 enuntiate,
1195 3642 1326 3720 tamque

200 3752 309 3834 inepte
334 3752 598 3835 praecedentibus
623 3772 759 3834 annexa,
782 3757 818 3816 ut
841 3754 924 3816 inter
946 3752 1118 3835 legendum
1143 3753 1200 3814 vix
1222 3753 1326 3816 risum

201 3867 317 3928 teneas.
353 3864 544 3949 „Spartanis
572 3866 612 3929 ad
637 3863 786 3948 Olympia
809 3884 874 3928 non
899 3863 1079 3946 admissis’',
1100 3866 1145 3929 ita
1167 3865 1327 3945 Thucydi·

202 3976 257 4040 des
281 3983 397 4061 narrat,
424 3977 522 4059 „Elei
546 3978 739 4060 metuebant,
761 3997 801 4042 ne
825 3979 858 4040 vi
881 3977 943 4042 sibi
964 3977 1085 4041 aditum
1106 3982 1269 4061 pararent:
1290 3978 1326 4040 in

201 4091 357 4173 praesidio
393 4110 467 4175 ergo
501 4093 644 4157 iuniores
679 4092 805 4174 militen,
835 4092 929 4183 graui
959 4095 1120 4155 armatura
1142 4091 1325 4173 instructoe,

201 4209 394 4286 posuerunt:
426 4207 548 4270 auxilio
573 4207 613 4269 iis
638 4210 796 4270 venerunt
818 4205 1015 4288 Argivorum
1038 4203 1327 4268 Mantineensium·

201 4335 264 4399 que
300 4318 422 4401 pedites
464 4324 494 4384 et
534 4319 783 4383 Atheniensium
821 4316 977 4401 equites.''
1011 4316 1091 4381 Tum
1127 4317 1173 4381 ita
1206 4318 1327 4402 pergit:

1157 4463 1158 4467 ,
1195 4425 1227 4475 at
