3352 5260
741 618 803 681 107

204 805 282 870 dum
305 808 363 887 est,
386 805 444 888 qui
467 803 628 888 sophistae
651 805 837 889 respondet:
862 805 972 870 eadem
992 807 1041 870 illi
1062 806 1261 873 observanda
1280 813 1330 873 est

204 917 396 998 distributio,
419 937 517 1002 quam
537 918 702 982 constituit
722 918 943 999 adversarium
959 921 1015 1002 qui
1028 921 1056 984 si
1067 921 1175 984 virum
1188 921 1327 1004 aliquem

203 1033 391 1098 scholastica
417 1033 646 1098 declamatione
668 1052 760 1098 reum
784 1035 858 1118 egit,
879 1053 945 1098 non
967 1035 1013 1098 ita
1034 1035 1135 1100 refelli
1160 1039 1273 1119 potest,
1293 1042 1330 1099 ut

203 1147 347 1212 eiusdem
383 1147 446 1210 viri
480 1148 616 1210 virtutes
649 1146 739 1210 nullo
774 1147 885 1212 ordine
917 1155 1154 1232 enumerentur,
1186 1150 1242 1214 sed
1274 1155 1330 1214 aut

204 1261 341 1345 singulis
371 1261 470 1343 vitiis,
500 1278 583 1343 quae
614 1281 634 1324 a
663 1261 805 1344 sophista
827 1259 950 1325 obiecta
974 1267 1058 1339 sunt,
1082 1263 1228 1345 singulae
1253 1269 1331 1327 sunt

205 1373 411 1457 opponendae
443 1374 589 1455 nautes,
625 1376 681 1436 aut
716 1375 823 1436 omnia
854 1375 989 1438 crimina
1012 1375 1161 1459 deinceps
1184 1377 1229 1439 ita
1253 1380 1330 1440 sunt

203 1487 384 1571 refutanda,
406 1494 443 1551 ut
474 1505 491 1551 e
514 1487 733 1551 calumniandi
757 1487 863 1551 studio
887 1494 965 1552 nata
987 1507 1057 1552 esse
1079 1494 1236 1573 appareat.
1259 1489 1330 1553 Iam

204 1602 276 1685 ipsa
305 1600 530 1684 Xenophontis
560 1600 685 1666 indoles
710 1603 869 1666 eiusmodi
892 1608 949 1685 est,
975 1608 1009 1667 ut
1032 1605 1090 1666 vix
1114 1605 1156 1668 sit
1179 1604 1330 1668 credibile

204 1714 292 1778 istud
316 1713 477 1778 scribendi
499 1733 602 1797 genus
625 1715 654 1778 ei
677 1714 845 1797 placuisse.
869 1715 984 1780 Virum
1010 1719 1095 1780 enim
1115 1718 1162 1781 rei
1183 1719 1330 1783 militaris

204 1828 316 1912 reique
349 1828 489 1891 rusticae
520 1827 802 1904 studiosissimum,
833 1829 927 1892 ouius
958 1831 1166 1912 cogitationes
1198 1833 1330 1896 medita-

205 1943 374 2024 tionesque
407 1959 518 2005 omnes
548 1941 633 2004 vitae
660 1960 757 2004 usum
782 1945 970 2024 spectarent,
993 1943 1049 2024 qui
1072 1945 1167 2007 etiam
1191 1943 1331 2008 Socratis

206 2056 378 2120 amicitiam
411 2054 723 2138 famiharitatemque
756 2056 942 2138 praesertim
977 2057 1048 2122 ideo
1083 2063 1212 2140 peteret,
1244 2059 1331 2141 quod

206 2169 316 2232 nullus
340 2170 370 2232 ei
393 2169 544 2252 magister
567 2167 730 2232 videretur
754 2168 869 2232 melius
894 2168 1100 2252 docereque
1122 2171 1330 2234 modoserris

206 2281 427 2365 militibusque
460 2287 544 2346 esset
573 2281 805 2364 imperandum,
831 2281 949 2364 quibus
972 2281 1135 2347 beneficiis
1159 2282 1252 2348 liberi
1275 2283 1331 2348 ho-

206 2396 310 2460 mines
332 2401 438 2460 essent
459 2395 670 2477 devinciendi,
688 2395 798 2460 futiles
818 2395 897 2459 istas
917 2401 949 2458 et
959 2397 1072 2460 inanes
1085 2396 1331 2462 declamationes

206 2509 365 2593 sprevisse
389 2514 420 2572 et
443 2509 672 2592 contempsisse
692 2511 779 2591 puto,
793 2527 899 2592 neque
911 2508 1024 2592 dignas
1036 2508 1196 2592 habuisse,
1212 2508 1331 2593 quibus

206 2623 436 2707 redarguendis
461 2640 588 2706 operam
613 2621 709 2685 daret.

250 2735 282 2800 A
311 2735 369 2798 tali
394 2735 555 2818 proposito
578 2733 825 2818 Xenophontem
850 2733 1062 2817 abhorruisse,
1085 2755 1188 2819 quum
1211 2754 1331 2819 omnes

207 2867 289 2932 quos
313 2849 447 2932 scripsit,
468 2846 543 2911 libri
566 2848 748 2912 testimonio
768 2853 853 2929 sunt,
872 2852 939 2911 tum
961 2850 1147 2931 praesertim
1170 2868 1333 2913 commen-

205 2964 288 3044 tarii,
313 2961 351 3025 de
374 2961 492 3044 quibus
515 2980 604 3025 nunc
626 2962 760 3044 agimus.
785 2959 923 3024 Omnino
948 2962 1034 3024 enim
1057 2960 1240 3044 Xenophon
1261 2962 1332 3026 rhe-

206 3078 337 3142 toricam
369 3077 612 3160 dispositionem
639 3095 753 3159 parum
777 3080 884 3138 curat:
909 3075 1014 3139 soluta
1037 3074 1202 3159 liberaque
1226 3095 1333 3140 narra-

205 3191 292 3255 tione
314 3209 365 3253 res
384 3194 490 3274 gestas
511 3190 659 3272 exponit3
680 3190 714 3251 in
728 3190 872 3252 virorum
884 3189 1124 3270 excellentium,
1137 3188 1331 3272 quibuscum

206 3306 290 3368 vixit
312 3302 486 3367 virtutibus
510 3302 738 3366 enumerandis
762 3320 855 3366 aures
881 3303 981 3384 magis
1006 3322 1103 3384 quam
1127 3307 1227 3366 artem
1252 3304 1333 3386 logi-

207 3437 276 3482 cam
308 3417 463 3497 consulit3
496 3416 576 3500 quid
597 3415 789 3496 faciendum,
813 3415 892 3498 quid
914 3415 1085 3479 vitandum
1108 3416 1149 3479 sit
1175 3415 1331 3498 exemplis

207 3531 299 3595 docet
334 3530 444 3594 multis
479 3530 619 3613 quidem·
647 3534 678 3592 et
712 3528 895 3609 luculentis,
929 3529 985 3592 sed
1021 3548 1132 3593 eorum
1167 3529 1223 3592 ille
1256 3529 1333 3592 ordo

208 3650 263 3727 est,
298 3648 335 3708 ut
369 3645 453 3708 inter
483 3642 688 3707 scribendum
712 3642 899 3706 memoriam
922 3643 952 3706 ei
976 3644 1176 3726 suggessisse
1201 3641 1333 3722 dieas1).

207 3760 396 3823 Amicorum
428 3778 526 3822 causa
555 3756 674 3838 scribit,
706 3775 883 3839 eorumque
915 3758 972 3839 qui
1003 3775 1112 3820 secum
1142 3755 1227 3819 idem
1261 3773 1333 3818 sen·

206 3873 304 3952 hant,
339 3891 405 3936 non
440 3871 520 3936 solet
552 3889 680 3954 operam
712 3869 796 3952 dare,
826 3875 864 3934 ut
893 3871 1089 3952 pertinacem
1114 3869 1331 3933 adversarium

209 3985 448 4051 demonstrandi
483 3989 549 4048 arte
580 3983 631 4048 vel
662 3989 925 4067 argumentorum
955 3979 1137 4063 astrasapes
1163 3983 1333 4046 convincat

240 4255 267 4321 1)
292 4256 329 4306 De
354 4255 532 4320 Xenophontis
556 4254 699 4305 elocutione
725 4253 783 4304 vide
808 4251 940 4318 egregium
965 4251 1053 4302 locum
1079 4251 1108 4301 in
1135 4251 1242 4302 Croiseti
1267 4252 1332 4303 libro

207 4361 232 4413 r·
249 4343 364 4412 23⁰saa·
