3348 5262
872 620 938 683 284

340 807 403 870 sio:
433 823 477 886 „o
499 821 635 867 numero
658 798 846 882 τριηράρχων,
871 801 1060 882 κυβερνητῶν,
1085 800 1237 879 ἐπιβατῶν
1256 823 1339 887 quos
1359 807 1468 889 cogni-

338 922 389 983 tos
415 917 560 999 habebat,
591 915 914 1000 praestantissimos.''
936 914 1005 981 Iam
1029 918 1177 1000 quamvis
1200 919 1348 1002 egregius
1370 918 1468 985 fuerit

339 1033 511 1116 imperator
533 1029 766 1112 Hermocraten,
790 1033 898 1094 tamen
920 1029 1012 1094 facila
1035 1030 1139 1114 oredo,
1164 1049 1239 1094 eum
1264 1050 1331 1094 non
1355 1051 1468 1097 omnes

339 1144 458 1208 milites
489 1145 635 1228 cognitos
666 1142 835 1208 habuisse:
860 1161 901 1208 ex
924 1143 965 1207 iis
988 1147 1106 1226 tamen,
1130 1163 1212 1227 quos
1236 1149 1377 1227 noverat,
1400 1164 1468 1209 non

340 1261 409 1322 erat
443 1256 586 1321 delectus
620 1254 798 1337 habendus,
832 1274 907 1319 nam
941 1256 1029 1338 ipsos
1064 1255 1136 1319 illos
1167 1257 1468 1340 praestantissimos,

341 1389 422 1455 quos
442 1369 482 1432 ad
502 1367 674 1432 eonsilium
693 1366 872 1451 adhibebat,
892 1367 977 1432 solos
998 1373 1139 1450 noverat,
1158 1373 1196 1433 ut
1208 1370 1329 1452 opinor.
1343 1367 1469 1435 Deinde

339 1488 372 1549 et
394 1484 455 1547 hoo
477 1481 548 1546 fieri
570 1486 701 1566 poterat,
725 1485 761 1546 ut
783 1483 840 1545 τῶν
863 1481 1043 1562 κυβερνητῶν
1066 1484 1162 1567 pauci
1181 1484 1210 1547 01
1229 1485 1331 1568 ignoti
1351 1490 1468 1550 essent

340 1596 402 1662 Sed
434 1597 507 1680 quis
538 1595 654 1678 eredat,
685 1613 727 1660 ex
750 1614 849 1678 parvo
872 1592 1050 1675 τριηραρχῶν
1073 1615 1209 1661 numero
1234 1597 1285 1660 vel
1310 1617 1413 1661 unum
1437 1600 1471 1662 ei

339 1709 440 1776 fuisse
466 1709 636 1793 ignotum?
661 1707 754 1784 Quod
777 1712 885 1772 autem
907 1708 1173 1774 Breitenbaohius
1196 1710 1304 1774 looum
1326 1712 1373 1774 ita
1396 1729 1470 1776 0000

340 1823 569 1906 explicandum
604 1822 688 1904 dicit,
720 1829 757 1885 ut
786 1826 859 1906 post
881 1820 1041 1899 ἐγίγνωσκε
1064 1825 1255 1908 cogitatione
1279 1825 1471 1909 suppleatur

340 1935 458 2010 τούτων,
482 1957 547 2001 11011
571 1937 663 2000 video
687 1937 743 2000 illa
765 1938 888 2000 ratione
912 1935 1133 2002 difficultatem
1157 1937 1234 2001 tolli.
1255 1936 1339 2013 Quid
1359 1943 1471 2003 tamen

341 2053 383 2116 sit
413 2051 586 2135 legendum
609 2051 728 2132 neseio,
753 2049 808 2114 ssd
831 2050 892 2113 hoe
914 2049 1017 2132 video,
1040 2051 1069 2114 si
1091 2050 1273 2134 Xenophon
1297 2053 1345 2115 010
1368 2053 1471 2136 sorip-

340 2166 450 2228 sisset:
483 2158 529 2234 οὓς
555 2161 613 2242 γὰρ
636 2160 810 2239 ἐγίγνωσκεν
833 2159 1066 2233 ἐπιεικεστάτους
1090 2159 1176 2233 ὄντας
1198 2165 1256 2225 τῶν
1278 2161 1470 2243 τριηράρχων,

341 2278 501 2340 neminem
523 2275 709 2359 impeditam
733 2274 821 2338 illam
842 2275 1043 2357 sententiam,
1063 2293 1145 2358 quae
1163 2274 1256 2340 nobis
1275 2276 1391 2340 tradita
1410 2283 1471 2361 est,

340 2390 596 2456 desideraturum
621 2387 731 2454 fuisse.

384 2505 410 2589 I,
435 2506 485 2569 35.
508 2503 596 2568 Num
620 2504 702 2568 bene
726 2503 845 2568 Graece
869 2504 991 2569 dictum
1015 2505 1056 2568 sit
1075 2509 1168 2567 πλοῖα
1187 2503 1288 2568 πολλοὶ
1307 2502 1386 2568 σίτου
1406 2525 1471 2589 pro

339 2640 371 2680 π.
386 2640 418 2679 π.
442 2615 522 2680 σίτου
545 2614 639 2695 πλήρη
663 2617 715 2680 101
737 2613 896 2693 σιταγωγοί
919 2617 1124 2681 vehementer
1146 2616 1267 2680 dubito.

385 2730 488 2815 Caput
521 2731 563 2812 II,
599 2731 626 2794 1.
661 2729 710 2794 De
743 2729 909 2810 Thrasyllo
941 2730 1077 2795 Athenis
1110 2732 1276 2814 copiarum
1307 2730 1470 2796 delectum

341 2848 454 2929 agente
489 2846 567 2910 haee
600 2849 788 2909 narrentur:
824 2840 866 2906 τοί
895 2867 929 2906 τε
959 2840 1148 2923 ψηφισθέντα
1170 2849 1265 2907 πλοῖα
1287 2842 1390 2920 λαβὼν
1413 2842 1469 2907 καῖ

341 2955 598 3036 πεντακισχιλίους
629 2959 685 3020 τῶν
708 2959 819 3019 ναυτῶν
841 2953 1018 3028 πελτασταῖς
1041 2953 1236 3032 ποιασοίμενος
1260 2957 1297 3027 ῶς
1321 2953 1391 3033 ἅμα
1414 2954 1469 3020 καῖ

340 3075 527 3141 πελτασταῖς
559 3067 712 3145 ἐσομένοις,
745 3064 927 3141 ἐξέπλευσεν.
955 3067 1090 3132 Nullum
1113 3068 1165 3131 hio
1187 3069 1295 3132 10011111
1319 3087 1388 3132 0000
1412 3068 1470 3132 da-

341 3183 407 3247 tivo
437 3189 625 3253 πελτασταῖς
654 3179 809 3259 ἐσομένοις,
835 3187 933 3266 atquo
955 3201 1031 3264 ergo
1054 3181 1151 3246 verba
1174 3182 1212 3250 ῶς
1234 3177 1470 3258 ἅμα-ἐσομένοις

341 3301 491 3379 corrupta
514 3315 700 3360 0000001110
723 3314 789 3359 non
812 3295 908 3377 videt,
931 3297 1083 3379 varieque
1105 3314 1143 3360 ea
1167 3296 1228 3357 viri
1251 3295 1336 3358 docti
1358 3314 1470 3360 emen-

341 3410 416 3473 dare
450 3411 556 3473 eonati
591 3415 675 3473 sunt
711 3408 856 3485 Quorum
891 3408 1063 3472 Holwarda
1094 3413 1219 3472 nostras
1251 3409 1470 3481 0011100111ος

339 3517 409 3598 ἅμα
440 3518 491 3584 καί
523 3519 635 3593 ναύτας
666 3518 718 3584 καῖ
748 3520 924 3593 πελτασταῖς
953 3519 1116 3598 ἐσομένους,
1147 3520 1330 3605 Madvigius
1352 3543 1468 3584 πεντα-

340 3633 495 3713 κισχιλίοις
528 3637 585 3698 τῶν
615 3638 727 3699 ναυτῶν
756 3633 872 3706 πέλτας
902 3633 1106 3712 ποιησάμενος.
1136 3634 1260 3700 Neutra
1282 3639 1471 3702 coniectura

339 3749 451 3832 placet,
487 3751 562 3832 quia
595 3767 660 3811 non
695 3753 824 3832 apparet
860 3749 946 3813 unde
980 3749 1161 3842 corruptela
1194 3749 1285 3813 nasei
1319 3751 1471 3832 potuerit.

341 3861 605 3926 Breitenbaohius
627 3881 704 3926 vero
724 3861 820 3925 verba
842 3867 951 3926 notata
969 3867 1133 3946 tamquam
1152 3863 1312 3946 glossema
1324 3862 1470 3947 inclusit,

342 3994 438 4057 quam
469 3977 623 4040 rationem
655 3976 832 4059 probarem,
864 3975 1470 4039 111οί100110101101011110111110101111

340 4087 476 4151 Weiahii
518 4089 709 4169 coniectura,
753 4109 851 4172 quam
891 4093 998 4153 tamen
1034 4093 1246 4152 contemnunt
1278 4107 1396 4152 omnes.
1433 4088 1470 4154 Ιο

341 4203 427 4266 0111111
468 4201 639 4285 legendum
681 4221 751 4267 0000
795 4202 960 4266 censebat:
1004 4203 1042 4274 ῶς
1083 4199 1152 4278 ἅμα
1193 4199 1245 4264 καῖ
1279 4208 1469 4275 πελτασταῖς

340 4311 532 4393 χρησόμενος.
