3354 5268
748 601 787 671 ll

206 796 307 861 refero
338 797 417 860 alios
448 797 550 881 ipsius
576 796 800 880 Xenophontis
825 797 921 878 locos,
944 796 1050 877 (Mem.
1074 797 1132 878 III,
1157 799 1193 876 13
1219 789 1332 882 Cyrop.

206 908 231 987 I,
254 909 283 990 6,
308 909 349 970 14
362 929 408 992 sq.
432 908 488 972 ubi
512 909 746 972 observandum
772 908 906 972 verbum
925 907 1081 990 prateae),
1103 909 1160 972 ubi
1178 915 1333 993 tanquam

207 1041 319 1105 parum
343 1022 432 1085 utilis
455 1025 506 1085 τοῦ
529 1025 668 1085 τακτικοῦ
692 1021 859 1104 disciplina
882 1021 1013 1102 ridetur,
1037 1021 1093 1085 sed
1112 1023 1328 1106 multomagis

207 1133 439 1217 lepidissimum
470 1135 613 1198 Platonis
645 1135 809 1218 dialogum
838 1133 1016 1215 Lachetem,
1040 1139 1071 1198 et
1094 1154 1135 1198 ex
1158 1135 1331 1218 discipulo-

205 1265 278 1309 rum
314 1265 474 1310 consensu
504 1246 564 1310 hoo
595 1265 645 1309 me
672 1245 797 1310 efficere
819 1265 915 1328 posse
938 1247 1061 1328 opinor,
1084 1247 1228 1310 doctores
1252 1248 1332 1310 istos

207 1359 247 1422 de
275 1378 311 1422 re
340 1359 470 1422 militari
499 1378 564 1422 non
585 1358 713 1421 Platoni
737 1362 768 1421 et
791 1357 1000 1441 Xenophonti
1024 1358 1125 1441 magis
1149 1379 1244 1441 quam
1270 1361 1334 1441 ipsi

208 1469 331 1534 Socrati
353 1471 458 1533 risum
480 1471 628 1534 movisse.

252 1582 375 1647 Verum
409 1583 488 1646 haec
522 1582 641 1645 leviora
672 1581 773 1646 videri
806 1583 938 1665 possint.
962 1581 1036 1644 Alia
1059 1600 1162 1664 eaque
1185 1583 1334 1665 graviora

208 1700 294 1777 sunt,
318 1714 417 1778 quare
438 1700 537 1758 totam
557 1693 723 1758 Anabasin
745 1714 809 1758 non
830 1695 934 1758 solum
948 1696 1211 1758 commentarium
1224 1714 1333 1768 rerum

208 1828 228 1870 a
261 1807 476 1891 Xenophonte
505 1812 678 1890 gestarum,
701 1826 806 1890 neque
838 1809 1053 1870 narrationem
1079 1807 1334 1870 commilitonum

208 1921 310 2003 gratia
341 1921 554 2002 conscriptam
584 1939 654 1984 esse
685 1939 840 2001 censeam,
864 1920 921 1983 sed
950 1920 1086 1983 eundern
1112 1919 1230 1983 hhrum
1255 1940 1334 2003 quo-

209 2032 379 2096 dammodo
412 2034 508 2096 etiam
539 2034 578 2095 ad
611 2034 728 2116 scripta
757 2033 975 2116 philosophica
999 2052 1040 2096 ex
1063 2031 1200 2096 Socratis
1224 2033 1333 2096 schola

208 2145 347 2230 profecta
377 2145 520 2209 referam.
551 2146 743 2209 Testimonio
767 2150 843 2209 sunt
867 2147 1034 2232 orationes,
1060 2165 1143 2228 quae
1165 2145 1331 2209 habentur.

209 2257 351 2334 Quarum
384 2259 514 2341 quidem
543 2278 588 2340 ea,
612 2277 694 2342 quae
717 2263 764 2321 est
786 2257 820 2320 L.
844 2258 884 2320 V.
908 2278 934 2321 c.
961 2259 977 2319 7
1004 2259 1191 2342 dignissima
1215 2264 1271 2340 est,
1295 2259 1334 2323 do

208 2391 274 2454 qua
295 2371 389 2455 plura
413 2371 573 2434 dieamus:
599 2371 772 2433 nonenim
796 2371 830 2432 in
856 2369 998 2434 Anabasi
1023 2371 1090 2434 sola
1108 2373 1193 2434 inter
1212 2376 1334 2435 ceteros

209 2483 296 2547 locos
327 2485 455 2564 eminet,
478 2485 533 2547 sed
566 2484 695 2546 omnino
720 2482 765 2544 nil
788 2481 970 2565 Xenophon
996 2484 1172 2567 elegantius
1197 2485 1333 2567 scripsit.

208 2597 385 2660 Videamus
411 2616 492 2680 quae
512 2595 717 2679 praecedant:
740 2597 799 2658 orti
821 2601 898 2660 sunt
918 2616 1073 2677 rumores,
1083 2596 1331 2681 Xenophontem

209 2710 291 2774 clam
324 2729 382 2793 per
415 2709 554 2773 fallacias
588 2711 764 2773 exercitum
797 2708 979 2774 Colchidem
1010 2711 1219 2775 reducturum
1244 2732 1332 2777 esse:

208 2841 315 2906 neque
338 2823 372 2885 hi
394 2841 540 2886 rumores
562 2842 694 2905 prorsus
718 2824 787 2886 sine
811 2823 877 2886 ulla
897 2821 1120 2906 Xenophontis
1140 2825 1234 2906 culpa
1245 2843 1331 2889 ema·

210 2942 338 3018 narunt,
370 2956 443 3000 nam
474 2955 586 2999 revera
616 2936 656 2998 de
679 2934 757 2998 urbe
779 2936 812 2997 in
836 2934 916 2998 Asia
939 2937 1103 3000 condenda
1128 2939 1332 3020 cogitaverat.

209 3047 327 3114 Milites
363 3053 470 3112 autem
505 3067 540 3111 re
570 3048 680 3111 audita
712 3048 844 3111 moleste
874 3047 989 3128 ferunt,
1012 3049 1075 3110 iam
1106 3054 1215 3112 coetus
1238 3049 1334 3131 fiunt,

209 3161 452 3243 periculumque
485 3160 636 3241 nascitur,
664 3178 705 3222 ue
736 3160 895 3226 tumultus
928 3161 1074 3224 militaris
1099 3162 1228 3224 oriatur.
1253 3160 1335 3225 Gon-

209 3273 328 3336 tionem
358 3271 540 3356 Xenophon
573 3276 737 3353 convocat,
760 3270 870 3354 ibique
896 3291 930 3335 se
953 3272 1111 3336 defendit:
1138 3274 1333 3337 demonstrat

211 3404 307 3467 quam
339 3404 453 3468 parum
484 3385 525 3447 sit
555 3383 728 3467 probabile,
762 3403 796 3447 se
816 3385 849 3446 id
872 3385 907 3446 in
931 3386 1037 3448 animo
1062 3385 1220 3468 habuisse,
1247 3387 1333 3469 quod

210 3495 271 3560 sibi
304 3515 390 3559 nunc
414 3495 600 3560 obiiciatur:
625 3515 666 3559 ex
688 3496 759 3579 ipsa
775 3515 886 3559 ,rerum
912 3502 1027 3560 natura
1048 3497 1118 3560 fieri
1142 3517 1207 3560 non
1232 3517 1336 3580 posse,
1426 3476 1429 3482 ¹

210 3615 246 3673 ut
270 3612 377 3694 copias
400 3611 451 3674 vel
473 3611 591 3673 invitas
611 3610 662 3673 vel
683 3611 806 3674 nescias
825 3612 859 3672 in
879 3615 1059 3674 extremum
1073 3609 1236 3674 Orientem
1250 3616 1334 3674 retro

210 3721 320 3786 ducat:
357 3724 407 3786 sin
445 3741 519 3786 vero
548 3727 613 3785 tam
646 3723 711 3786 sint
740 3723 862 3806 stupidi
892 3723 1017 3804 milites,
1047 3728 1083 3786 ut
1113 3723 1223 3806 plagas
1255 3724 1335 3787 coeli

209 3835 393 3918 ignorantes
427 3854 470 3917 se,
506 3855 569 3918 quo
601 3835 671 3898 dux
702 3836 787 3917 velit,
817 3836 897 3898 velis
927 3835 1003 3899 ferri
1034 3837 1205 3918 patiantur,
1228 3841 1335 3900 tamen

210 3950 405 4032 simulatque
425 3947 607 4020 Colchidem
629 3948 823 4029 advenerint,
842 3948 908 4012 fore
930 3952 966 4012 ut
984 3948 1073 4013 fraus
1091 3954 1197 4032 pateat
1217 3955 1248 4013 et
1266 3950 1335 4013 dux

210 4065 339 4126 meritas
369 4082 487 4146 poenas
517 4064 592 4126 luat.
625 4062 701 4126 Iure
725 4081 799 4145 ergo
823 4064 968 4145 queritur
991 4064 1030 4126 de
1052 4065 1100 4145 iis,
1125 4065 1185 4146 qui
1208 4065 1333 4126 invidia

210 4175 298 4244 ducti
317 4177 402 4240 *talia
425 4176 464 4240 de
488 4195 522 4240 se
546 4176 711 4239 mendacia
736 4175 906 4257 dissipent:
931 4195 1056 4259 semper
1078 4178 1164 4240 enim
1191 4196 1226 4240 se
1251 4177 1336 4240 mili·

209 4294 279 4352 tum
313 4289 447 4354 salutem
481 4308 541 4354 suo
576 4289 691 4352 honori
731 4293 761 4352 et
796 4289 960 4351 commodo
995 4291 1222 4372 anteposuisse.
1253 4289 1334 4353 Tum
