<?xml version="1.0" encoding="UTF-8"?>
<!DOCTYPE html PUBLIC "-//W3C//DTD XHTML 1.0 Transitional//EN"
    "http://www.w3.org/TR/xhtml1/DTD/xhtml1-transitional.dtd">
<html xmlns="http://www.w3.org/1999/xhtml" xml:lang="en" lang="en">
 <head>
  <title>
</title>
<meta http-equiv="Content-Type" content="text/html;charset=utf-8" />
  <meta name='ocr-system' content='tesseract 3.04.00' />
  <meta name='ocr-capabilities' content='ocr_page ocr_carea ocr_par ocr_line ocrx_word'/>
</head>
<body>
  <div class='ocr_page' id='page_1' title='image "./analectaxenopho00hartgoog_0184.png"; bbox 0 0 3352 5260; ppageno 0'>
   <div class='ocr_carea' id='block_1_1' title="bbox 728 578 792 643">
    <p class='ocr_par' dir='ltr' id='par_1_1' title="bbox 728 578 792 643">
     <span class='ocr_line' id='line_1_1' title="bbox 728 578 792 643; baseline 0.031 -2"><span class='ocrx_word' id='word_1_1' title='bbox 728 578 792 643; x_wconf 89' lang='grc'>169</span> 
     </span>
    </p>
   </div>
   <div class='ocr_carea' id='block_1_2' title="bbox 195 765 1323 3107">
    <p class='ocr_par' dir='ltr' id='par_1_2' title="bbox 195 765 1323 3107">
     <span class='ocr_line' id='line_1_2' title="bbox 196 765 1319 849; baseline -0.002 -19"><span class='ocrx_word' id='word_1_2' title='bbox 196 768 276 849; x_wconf 90' lang='lat' dir='ltr'>quin</span> <span class='ocrx_word' id='word_1_3' title='bbox 307 767 402 830; x_wconf 91' lang='lat' dir='ltr'>etiam</span> <span class='ocrx_word' id='word_1_4' title='bbox 426 767 522 829; x_wconf 87' lang='lat' dir='ltr'>anxie</span> <span class='ocrx_word' id='word_1_5' title='bbox 545 783 671 846; x_wconf 72' lang='lat' dir='ltr'>cavere,</span> <span class='ocrx_word' id='word_1_6' title='bbox 689 783 729 828; x_wconf 93' lang='lat' dir='ltr'>ne</span> <span class='ocrx_word' id='word_1_7' title='bbox 753 766 946 847; x_wconf 87' lang='lat' dir='ltr'>cuiusquam</span> <span class='ocrx_word' id='word_1_8' title='bbox 971 765 1137 848; x_wconf 79' lang='lat' dir='ltr'>disciplina</span> <span class='ocrx_word' id='word_1_9' title='bbox 1161 766 1209 828; x_wconf 91' lang='lat' dir='ltr'>uti</span> <span class='ocrx_word' id='word_1_10' title='bbox 1231 765 1319 828; x_wconf 87' lang='lat' dir='ltr'>vide-</span> 
     </span>
     <span class='ocr_line' id='line_1_3' title="bbox 195 878 1320 962; baseline -0.001 -19"><span class='ocrx_word' id='word_1_11' title='bbox 195 884 295 962; x_wconf 89' lang='lat' dir='ltr'>retur,</span> <span class='ocrx_word' id='word_1_12' title='bbox 327 878 472 942; x_wconf 79' lang='lat' dir='ltr'><strong>Socrates</strong></span> <span class='ocrx_word' id='word_1_13' title='bbox 503 897 579 941; x_wconf 89' lang='lat' dir='ltr'>cum</span> <span class='ocrx_word' id='word_1_14' title='bbox 603 878 714 942; x_wconf 88' lang='lat' dir='ltr'>amicis</span> <span class='ocrx_word' id='word_1_15' title='bbox 737 879 805 941; x_wconf 89' lang='lat' dir='ltr'>suis</span> <span class='ocrx_word' id='word_1_16' title='bbox 832 878 952 960; x_wconf 92' lang='lat' dir='ltr'>eodem,</span> <span class='ocrx_word' id='word_1_17' title='bbox 976 897 1039 960; x_wconf 92' lang='lat' dir='ltr'>quo</span> <span class='ocrx_word' id='word_1_18' title='bbox 1062 878 1125 960; x_wconf 93' lang='lat' dir='ltr'>ille,</span> <span class='ocrx_word' id='word_1_19' title='bbox 1148 879 1320 942; x_wconf 75' lang='lat' dir='ltr'>conveuhe</span> 
     </span>
     <span class='ocr_line' id='line_1_4' title="bbox 196 990 1320 1074; baseline -0.002 -18"><span class='ocrx_word' id='word_1_20' title='bbox 196 990 326 1073; x_wconf 81' lang='lat' dir='ltr'>solebat,</span> <span class='ocrx_word' id='word_1_21' title='bbox 348 990 459 1074; x_wconf 79' lang='lat' dir='ltr'>ibique</span> <span class='ocrx_word' id='word_1_22' title='bbox 482 1011 555 1054; x_wconf 92' lang='lat' dir='ltr'>cum</span> <span class='ocrx_word' id='word_1_23' title='bbox 580 993 620 1054; x_wconf 91' lang='lat' dir='ltr'>iis</span> <span class='ocrx_word' id='word_1_24' title='bbox 644 991 802 1055; x_wconf 91' lang='lat' dir='ltr'>eiusmodi</span> <span class='ocrx_word' id='word_1_25' title='bbox 825 992 985 1074; x_wconf 90' lang='lat' dir='ltr'>colloquia</span> <span class='ocrx_word' id='word_1_26' title='bbox 1006 993 1184 1073; x_wconf 79' lang='lat' dir='ltr'>instituere,</span> <span class='ocrx_word' id='word_1_27' title='bbox 1209 1010 1226 1055; x_wconf 96' lang='lat' dir='ltr'>e</span> <span class='ocrx_word' id='word_1_28' title='bbox 1250 994 1320 1074; x_wconf 92' lang='lat' dir='ltr'>qui·</span> 
     </span>
     <span class='ocr_line' id='line_1_5' title="bbox 196 1103 1321 1188; baseline -0.001 -19"><span class='ocrx_word' id='word_1_29' title='bbox 196 1104 258 1169; x_wconf 91' lang='lat' dir='ltr'>bus</span> <span class='ocrx_word' id='word_1_30' title='bbox 282 1105 403 1168; x_wconf 88' lang='lat' dir='ltr'>discere</span> <span class='ocrx_word' id='word_1_31' title='bbox 424 1103 651 1186; x_wconf 81' lang='lat' dir='ltr'>Euthydemus</span> <span class='ocrx_word' id='word_1_32' title='bbox 674 1109 790 1188; x_wconf 90' lang='lat' dir='ltr'>posset,</span> <span class='ocrx_word' id='word_1_33' title='bbox 814 1105 945 1168; x_wconf 89' lang='lat' dir='ltr'>stultam</span> <span class='ocrx_word' id='word_1_34' title='bbox 970 1105 1204 1188; x_wconf 90' lang='lat' dir='ltr'>ridiculamque</span> <span class='ocrx_word' id='word_1_35' title='bbox 1229 1125 1321 1168; x_wconf 91' lang='lat' dir='ltr'>suam</span> 
     </span>
     <span class='ocr_line' id='line_1_6' title="bbox 196 1215 1321 1301; baseline 0.002 -21"><span class='ocrx_word' id='word_1_36' title='bbox 196 1215 353 1280; x_wconf 76' lang='grc' dir='ltr'><strong><em>αύθύδεοαν</em></strong></span> <span class='ocrx_word' id='word_1_37' title='bbox 376 1236 455 1299; x_wconf 91' lang='lat' dir='ltr'>esse,</span> <span class='ocrx_word' id='word_1_38' title='bbox 478 1216 624 1299; x_wconf 90' lang='lat' dir='ltr'>nihilque</span> <span class='ocrx_word' id='word_1_39' title='bbox 648 1217 710 1280; x_wconf 91' lang='lat' dir='ltr'>sibi</span> <span class='ocrx_word' id='word_1_40' title='bbox 733 1216 873 1282; x_wconf 90' lang='lat' dir='ltr'>Socratis</span> <span class='ocrx_word' id='word_1_41' title='bbox 895 1217 1110 1282; x_wconf 80' lang='lat' dir='ltr'>familiaritate</span> <span class='ocrx_word' id='word_1_42' title='bbox 1133 1236 1203 1282; x_wconf 93' lang='lat' dir='ltr'>esse</span> <span class='ocrx_word' id='word_1_43' title='bbox 1226 1237 1321 1301; x_wconf 89' lang='lat' dir='ltr'>posse</span> 
     </span>
     <span class='ocr_line' id='line_1_7' title="bbox 196 1329 1320 1415; baseline 0 -19"><span class='ocrx_word' id='word_1_44' title='bbox 196 1333 318 1396; x_wconf 87' lang='lat' dir='ltr'>utilius.</span> <span class='ocrx_word' id='word_1_45' title='bbox 343 1329 433 1406; x_wconf 81' lang='lat' dir='ltr'>Quae</span> <span class='ocrx_word' id='word_1_46' title='bbox 455 1331 511 1394; x_wconf 90' lang='lat' dir='ltr'>illa</span> <span class='ocrx_word' id='word_1_47' title='bbox 535 1331 695 1414; x_wconf 90' lang='lat' dir='ltr'>colloquia</span> <span class='ocrx_word' id='word_1_48' title='bbox 717 1331 837 1407; x_wconf 89' lang='lat' dir='ltr'>fuerint</span> <span class='ocrx_word' id='word_1_49' title='bbox 861 1332 1035 1415; x_wconf 84' lang='lat' dir='ltr'>exponitur</span> <span class='ocrx_word' id='word_1_50' title='bbox 1057 1331 1097 1412; x_wconf 57' lang='grc' dir='ltr'>ἐξ</span> <span class='ocrx_word' id='word_1_51' title='bbox 1121 1332 1216 1394; x_wconf 82' lang='grc'><strong>2-7.</strong></span> <span class='ocrx_word' id='word_1_52' title='bbox 1239 1331 1320 1396; x_wconf 82' lang='lat' dir='ltr'>Tum</span> 
     </span>
     <span class='ocr_line' id='line_1_8' title="bbox 198 1436 1319 1527; baseline -0.001 -19"><span class='ocrx_word' id='word_1_53' title='bbox 198 1446 217 1527; x_wconf 64' lang='grc' dir='ltr'>ξ</span> <span class='ocrx_word' id='word_1_54' title='bbox 241 1446 261 1508; x_wconf 90' lang='grc'>8</span> <span class='ocrx_word' id='word_1_55' title='bbox 284 1446 328 1508; x_wconf 87' lang='lat' dir='ltr'>ita</span> <span class='ocrx_word' id='word_1_56' title='bbox 350 1463 478 1508; x_wconf 85' lang='lat' dir='ltr'>narrare</span> <span class='ocrx_word' id='word_1_57' title='bbox 501 1445 603 1527; x_wconf 85' lang='lat' dir='ltr'>pergit</span> <span class='ocrx_word' id='word_1_58' title='bbox 622 1442 823 1527; x_wconf 84' lang='lat' dir='ltr'>Xenophon:</span> <span class='ocrx_word' id='word_1_59' title='bbox 836 1443 905 1507; x_wconf 90' lang='grc' dir='ltr'><strong><em>κατ’</em></strong></span> <span class='ocrx_word' id='word_1_60' title='bbox 918 1441 1018 1523; x_wconf 76' lang='grc' dir='ltr'><strong><em>ύρχύος</em></strong></span> <span class='ocrx_word' id='word_1_61' title='bbox 1030 1443 1085 1520; x_wconf 80' lang='grc' dir='ltr'>μὲν</span> <span class='ocrx_word' id='word_1_62' title='bbox 1097 1436 1143 1507; x_wconf 86' lang='grc' dir='ltr'>ούν</span> <span class='ocrx_word' id='word_1_63' title='bbox 1162 1442 1319 1507; x_wconf 76' lang='grc' dir='ltr'><strong><em>οὶκούον-</em></strong></span> 
     </span>
     <span class='ocr_line' id='line_1_9' title="bbox 196 1553 1320 1636; baseline -0.002 -15"><span class='ocrx_word' id='word_1_64' title='bbox 196 1581 260 1629; x_wconf 80' lang='grc' dir='ltr'><strong><em>τος</em></strong></span> <span class='ocrx_word' id='word_1_65' title='bbox 293 1557 466 1634; x_wconf 77' lang='grc' dir='ltr'><em>Εὐθυδήμου</em></span> <span class='ocrx_word' id='word_1_66' title='bbox 495 1554 637 1628; x_wconf 77' lang='grc' dir='ltr'><strong><em>τοιούτους</em></strong></span> <span class='ocrx_word' id='word_1_67' title='bbox 663 1554 767 1633; x_wconf 72' lang='grc' dir='ltr'><strong><em>λόγους</em></strong></span> <span class='ocrx_word' id='word_1_68' title='bbox 790 1553 875 1633; x_wconf 72' lang='grc' dir='ltr'><strong><em>ἔλεγε</em></strong></span> <span class='ocrx_word' id='word_1_69' title='bbox 899 1553 1067 1636; x_wconf 79' lang='grc' dir='ltr'><strong><em>Σωκρύτνς.</em></strong></span> <span class='ocrx_word' id='word_1_70' title='bbox 1092 1556 1197 1620; x_wconf 81' lang='lat' dir='ltr'>Sicine</span> <span class='ocrx_word' id='word_1_71' title='bbox 1220 1557 1320 1620; x_wconf 81' lang='lat' dir='ltr'>vero?</span> 
     </span>
     <span class='ocr_line' id='line_1_10' title="bbox 198 1668 1321 1754; baseline 0 -19"><span class='ocrx_word' id='word_1_72' title='bbox 198 1670 269 1747; x_wconf 80' lang='lat' dir='ltr'>Quo</span> <span class='ocrx_word' id='word_1_73' title='bbox 294 1670 387 1735; x_wconf 89' lang='lat' dir='ltr'>modo</span> <span class='ocrx_word' id='word_1_74' title='bbox 411 1689 487 1754; x_wconf 93' lang='lat' dir='ltr'>ergo</span> <span class='ocrx_word' id='word_1_75' title='bbox 509 1675 620 1754; x_wconf 88' lang='lat' dir='ltr'>postea</span> <span class='ocrx_word' id='word_1_76' title='bbox 643 1670 770 1734; x_wconf 90' lang='lat' dir='ltr'>locutus</span> <span class='ocrx_word' id='word_1_77' title='bbox 794 1674 842 1733; x_wconf 92' lang='lat' dir='ltr'>est</span> <span class='ocrx_word' id='word_1_78' title='bbox 862 1668 1032 1734; x_wconf 80' lang='lat' dir='ltr'>Socrates?</span> <span class='ocrx_word' id='word_1_79' title='bbox 1051 1669 1170 1733; x_wconf 89' lang='lat' dir='ltr'>Utrum</span> <span class='ocrx_word' id='word_1_80' title='bbox 1189 1668 1321 1735; x_wconf 87' lang='lat' dir='ltr'>absente</span> 
     </span>
     <span class='ocr_line' id='line_1_11' title="bbox 198 1783 1321 1866; baseline 0.001 -20"><span class='ocrx_word' id='word_1_81' title='bbox 198 1783 412 1865; x_wconf 81' lang='lat' dir='ltr'>Euthydemo,</span> <span class='ocrx_word' id='word_1_82' title='bbox 447 1803 487 1847; x_wconf 92' lang='lat' dir='ltr'>an</span> <span class='ocrx_word' id='word_1_83' title='bbox 522 1783 682 1847; x_wconf 90' lang='lat' dir='ltr'>submissa</span> <span class='ocrx_word' id='word_1_84' title='bbox 716 1801 804 1864; x_wconf 86' lang='lat' dir='ltr'>voce,</span> <span class='ocrx_word' id='word_1_85' title='bbox 836 1802 878 1846; x_wconf 92' lang='lat' dir='ltr'>ne</span> <span class='ocrx_word' id='word_1_86' title='bbox 912 1783 966 1846; x_wconf 95' lang='lat' dir='ltr'>ille</span> <span class='ocrx_word' id='word_1_87' title='bbox 1001 1783 1178 1866; x_wconf 89' lang='lat' dir='ltr'>quidquam</span> <span class='ocrx_word' id='word_1_88' title='bbox 1210 1783 1321 1847; x_wconf 90' lang='lat' dir='ltr'>audire</span> 
     </span>
     <span class='ocr_line' id='line_1_12' title="bbox 197 1893 1321 1982; baseline -0.004 -20"><span class='ocrx_word' id='word_1_89' title='bbox 197 1898 329 1982; x_wconf 82' lang='lat' dir='ltr'>posset?</span> <span class='ocrx_word' id='word_1_90' title='bbox 359 1896 518 1961; x_wconf 88' lang='lat' dir='ltr'>Neutrum</span> <span class='ocrx_word' id='word_1_91' title='bbox 551 1898 675 1978; x_wconf 87' lang='lat' dir='ltr'>horum,</span> <span class='ocrx_word' id='word_1_92' title='bbox 707 1900 743 1960; x_wconf 93' lang='lat' dir='ltr'>ut</span> <span class='ocrx_word' id='word_1_93' title='bbox 773 1897 894 1980; x_wconf 92' lang='lat' dir='ltr'>opinor.</span> <span class='ocrx_word' id='word_1_94' title='bbox 926 1895 1078 1978; x_wconf 82' lang='lat' dir='ltr'>Sequitur</span> <span class='ocrx_word' id='word_1_95' title='bbox 1102 1897 1203 1960; x_wconf 91' lang='lat' dir='ltr'>enim:</span> <span class='ocrx_word' id='word_1_96' title='bbox 1229 1896 1267 1967; x_wconf 77' lang='grc' dir='ltr'>ὡς</span> <span class='ocrx_word' id='word_1_97' title='bbox 1290 1893 1321 1958; x_wconf 76' lang='grc' dir='ltr'>δὲ</span> 
     </span>
     <span class='ocr_line' id='line_1_13' title="bbox 198 2001 1320 2091; baseline -0.004 -18"><span class='ocrx_word' id='word_1_98' title='bbox 198 2009 299 2091; x_wconf 71' lang='grc' dir='ltr'><strong><em>ᾔσθετο</em></strong></span> <span class='ocrx_word' id='word_1_99' title='bbox 329 2009 418 2073; x_wconf 80' lang='grc' dir='ltr'><strong><em>αὐτὸν</em></strong></span> <span class='ocrx_word' id='word_1_100' title='bbox 447 2001 621 2088; x_wconf 75' lang='grc' dir='ltr'><strong><em>ἑτονμύτέρον</em></strong></span> <span class='ocrx_word' id='word_1_101' title='bbox 653 2005 846 2085; x_wconf 71' lang='grc' dir='ltr'><strong><em>ὑπομένοντα,</em></strong></span> <span class='ocrx_word' id='word_1_102' title='bbox 871 2004 920 2071; x_wconf 75' lang='grc' dir='ltr'>ὅτε</span> <span class='ocrx_word' id='word_1_103' title='bbox 950 2005 1123 2085; x_wconf 70' lang='grc' dir='ltr'><strong><em>διαλέγοιτο,</em></strong></span> <span class='ocrx_word' id='word_1_104' title='bbox 1147 2013 1198 2071; x_wconf 83' lang='grc' dir='ltr'>καὶ</span> <span class='ocrx_word' id='word_1_105' title='bbox 1220 2008 1320 2087; x_wconf 82' lang='grc' dir='ltr'><strong><em>προθο-</em></strong></span> 
     </span>
     <span class='ocr_line' id='line_1_14' title="bbox 200 2119 1321 2205; baseline -0.004 -19"><span class='ocrx_word' id='word_1_106' title='bbox 200 2123 318 2203; x_wconf 83' lang='grc' dir='ltr'><strong><em>μύτερον</em></strong></span> <span class='ocrx_word' id='word_1_107' title='bbox 350 2120 503 2186; x_wconf 81' lang='grc' dir='ltr'><strong><em>ύκούοντα.</em></strong></span> <span class='ocrx_word' id='word_1_108' title='bbox 531 2122 584 2185; x_wconf 83' lang='lat' dir='ltr'>An</span> <span class='ocrx_word' id='word_1_109' title='bbox 608 2126 673 2185; x_wconf 89' lang='lat' dir='ltr'>tam</span> <span class='ocrx_word' id='word_1_110' title='bbox 696 2123 803 2205; x_wconf 92' lang='lat' dir='ltr'>inepte</span> <span class='ocrx_word' id='word_1_111' title='bbox 827 2120 964 2185; x_wconf 91' lang='lat' dir='ltr'>scribere</span> <span class='ocrx_word' id='word_1_112' title='bbox 987 2120 1108 2184; x_wconf 90' lang='lat' dir='ltr'>solebat</span> <span class='ocrx_word' id='word_1_113' title='bbox 1130 2119 1321 2203; x_wconf 86' lang='lat' dir='ltr'>Xenophon,</span> 
     </span>
     <span class='ocr_line' id='line_1_15' title="bbox 200 2230 1321 2319; baseline -0.005 -19"><span class='ocrx_word' id='word_1_114' title='bbox 200 2242 235 2300; x_wconf 92' lang='lat' dir='ltr'>ut</span> <span class='ocrx_word' id='word_1_115' title='bbox 257 2238 340 2300; x_wconf 92' lang='lat' dir='ltr'>inter</span> <span class='ocrx_word' id='word_1_116' title='bbox 364 2255 398 2299; x_wconf 89' lang='lat' dir='ltr'>se</span> <span class='ocrx_word' id='word_1_117' title='bbox 422 2240 594 2319; x_wconf 90' lang='lat' dir='ltr'>opponeret</span> <span class='ocrx_word' id='word_1_118' title='bbox 616 2233 751 2298; x_wconf 84' lang='lat' dir='ltr'>verbum</span> <span class='ocrx_word' id='word_1_119' title='bbox 775 2231 897 2306; x_wconf 78' lang='grc' dir='ltr'><strong><em>οὶκούεον,</em></strong></span> <span class='ocrx_word' id='word_1_120' title='bbox 922 2233 1012 2296; x_wconf 93' lang='lat' dir='ltr'>nullo</span> <span class='ocrx_word' id='word_1_121' title='bbox 1033 2233 1140 2297; x_wconf 91' lang='lat' dir='ltr'>addito</span> <span class='ocrx_word' id='word_1_122' title='bbox 1161 2230 1321 2314; x_wconf 86' lang='lat' dir='ltr'>adverbio,</span> 
     </span>
     <span class='ocr_line' id='line_1_16' title="bbox 199 2344 1320 2430; baseline -0.007 -15"><span class='ocrx_word' id='word_1_123' title='bbox 199 2356 231 2415; x_wconf 87' lang='lat' dir='ltr'>et</span> <span class='ocrx_word' id='word_1_124' title='bbox 264 2346 468 2429; x_wconf 63' lang='lat' dir='ltr'>apolopasin</span> <span class='ocrx_word' id='word_1_125' title='bbox 501 2345 637 2414; x_wconf 71' lang='lat' dir='ltr'>duorlar?</span> <span class='ocrx_word' id='word_1_126' title='bbox 671 2347 721 2413; x_wconf 87' lang='lat' dir='ltr'>Ne</span> <span class='ocrx_word' id='word_1_127' title='bbox 755 2349 816 2411; x_wconf 90' lang='lat' dir='ltr'>hoc</span> <span class='ocrx_word' id='word_1_128' title='bbox 848 2346 977 2430; x_wconf 92' lang='lat' dir='ltr'>quidem</span> <span class='ocrx_word' id='word_1_129' title='bbox 1000 2344 1164 2430; x_wconf 88' lang='lat' dir='ltr'>probabile</span> <span class='ocrx_word' id='word_1_130' title='bbox 1185 2345 1320 2410; x_wconf 87' lang='lat' dir='ltr'>videtur.</span> 
     </span>
     <span class='ocr_line' id='line_1_17' title="bbox 198 2459 1321 2546; baseline -0.004 -18"><span class='ocrx_word' id='word_1_131' title='bbox 198 2463 310 2528; x_wconf 88' lang='lat' dir='ltr'>Restat</span> <span class='ocrx_word' id='word_1_132' title='bbox 339 2482 424 2546; x_wconf 89' lang='lat' dir='ltr'>ergo,</span> <span class='ocrx_word' id='word_1_133' title='bbox 454 2468 491 2527; x_wconf 92' lang='lat' dir='ltr'>ut</span> <span class='ocrx_word' id='word_1_134' title='bbox 516 2459 668 2532; x_wconf 68' lang='grc' dir='ltr'><strong><em>ἀκούοντος</em></strong></span> <span class='ocrx_word' id='word_1_135' title='bbox 692 2466 876 2544; x_wconf 89' lang='lat' dir='ltr'>corruptum</span> <span class='ocrx_word' id='word_1_136' title='bbox 902 2478 972 2524; x_wconf 90' lang='lat' dir='ltr'>esse</span> <span class='ocrx_word' id='word_1_137' title='bbox 995 2478 1193 2540; x_wconf 88' lang='lat' dir='ltr'>censeamus,</span> <span class='ocrx_word' id='word_1_138' title='bbox 1216 2477 1321 2542; x_wconf 91' lang='lat' dir='ltr'>neque</span> 
     </span>
     <span class='ocr_line' id='line_1_18' title="bbox 201 2570 1320 2660; baseline -0.004 -21"><span class='ocrx_word' id='word_1_139' title='bbox 201 2576 278 2660; x_wconf 91' lang='lat' dir='ltr'>quid</span> <span class='ocrx_word' id='word_1_140' title='bbox 312 2574 495 2659; x_wconf 89' lang='lat' dir='ltr'>Xenophon</span> <span class='ocrx_word' id='word_1_141' title='bbox 531 2575 693 2658; x_wconf 89' lang='lat' dir='ltr'>scripserit</span> <span class='ocrx_word' id='word_1_142' title='bbox 723 2574 780 2638; x_wconf 93' lang='lat' dir='ltr'>diu</span> <span class='ocrx_word' id='word_1_143' title='bbox 811 2577 859 2638; x_wconf 89' lang='lat' dir='ltr'>est</span> <span class='ocrx_word' id='word_1_144' title='bbox 882 2572 1111 2657; x_wconf 90' lang='lat' dir='ltr'>quaerendum.</span> <span class='ocrx_word' id='word_1_145' title='bbox 1134 2570 1320 2656; x_wconf 66' lang='lat' dir='ltr'>[tegendum</span> 
     </span>
     <span class='ocr_line' id='line_1_19' title="bbox 200 2685 1322 2773; baseline -0.004 -20"><span class='ocrx_word' id='word_1_146' title='bbox 200 2691 286 2753; x_wconf 91' lang='lat' dir='ltr'>enim</span> <span class='ocrx_word' id='word_1_147' title='bbox 317 2693 364 2754; x_wconf 91' lang='lat' dir='ltr'>est</span> <span class='ocrx_word' id='word_1_148' title='bbox 395 2685 523 2760; x_wconf 77' lang='grc' dir='ltr'><strong><em>ἄκοντος,</em></strong></span> <span class='ocrx_word' id='word_1_149' title='bbox 551 2687 642 2773; x_wconf 73' lang='lat' dir='ltr'>¹quod</span> <span class='ocrx_word' id='word_1_150' title='bbox 674 2692 704 2751; x_wconf 91' lang='lat' dir='ltr'>et</span> <span class='ocrx_word' id='word_1_151' title='bbox 734 2688 793 2750; x_wconf 91' lang='lat' dir='ltr'>toti</span> <span class='ocrx_word' id='word_1_152' title='bbox 815 2687 991 2750; x_wconf 86' lang='lat' dir='ltr'>narrationi</span> <span class='ocrx_word' id='word_1_153' title='bbox 1015 2687 1139 2769; x_wconf 83' lang='lat' dir='ltr'>egregie</span> <span class='ocrx_word' id='word_1_154' title='bbox 1163 2688 1322 2767; x_wconf 89' lang='lat' dir='ltr'>convenit,</span> 
     </span>
     <span class='ocr_line' id='line_1_20' title="bbox 200 2796 1320 2885; baseline -0.004 -19"><span class='ocrx_word' id='word_1_155' title='bbox 200 2807 232 2866; x_wconf 92' lang='lat' dir='ltr'>et</span> <span class='ocrx_word' id='word_1_156' title='bbox 263 2802 427 2885; x_wconf 86' lang='lat' dir='ltr'>aptissime</span> <span class='ocrx_word' id='word_1_157' title='bbox 457 2802 629 2884; x_wconf 89' lang='lat' dir='ltr'>opponitur</span> <span class='ocrx_word' id='word_1_158' title='bbox 652 2798 757 2864; x_wconf 87' lang='lat' dir='ltr'>verbis</span> <span class='ocrx_word' id='word_1_159' title='bbox 780 2798 989 2882; x_wconf 90' lang='lat' dir='ltr'>sequentibus</span> <span class='ocrx_word' id='word_1_160' title='bbox 1012 2796 1187 2877; x_wconf 74' lang='grc' dir='ltr'><strong><em>ἑτοιμότερον</em></strong></span> <span class='ocrx_word' id='word_1_161' title='bbox 1210 2796 1320 2873; x_wconf 77' lang='grc' dir='ltr'><strong><em>ὑπομέ-</em></strong></span> 
     </span>
     <span class='ocr_line' id='line_1_21' title="bbox 200 2910 1323 2995; baseline -0.002 -19"><span class='ocrx_word' id='word_1_162' title='bbox 200 2937 286 2977; x_wconf 93' lang='grc' dir='ltr'><strong><em>νοντα</em></strong></span> <span class='ocrx_word' id='word_1_163' title='bbox 323 2919 354 2978; x_wconf 93' lang='lat' dir='ltr'>et</span> <span class='ocrx_word' id='word_1_164' title='bbox 386 2912 592 2994; x_wconf 76' lang='grc' dir='ltr'><strong><em>προθυμότερον</em></strong></span> <span class='ocrx_word' id='word_1_165' title='bbox 626 2910 777 2976; x_wconf 78' lang='grc' dir='ltr'><strong><em>οὶκούοντα.</em></strong></span> <span class='ocrx_word' id='word_1_166' title='bbox 811 2910 1023 2975; x_wconf 79' lang='lat' dir='ltr'>Conseruntur</span> <span class='ocrx_word' id='word_1_167' title='bbox 1053 2916 1215 2995; x_wconf 88' lang='lat' dir='ltr'>praeterea</span> <span class='ocrx_word' id='word_1_168' title='bbox 1246 2911 1323 2974; x_wconf 87' lang='lat' dir='ltr'>haec</span> 
     </span>
     <span class='ocr_line' id='line_1_22' title="bbox 199 3024 1323 3107; baseline -0.003 -17"><span class='ocrx_word' id='word_1_169' title='bbox 199 3026 298 3091; x_wconf 91' lang='lat' dir='ltr'>verba</span> <span class='ocrx_word' id='word_1_170' title='bbox 328 3029 549 3091; x_wconf 91' lang='lat' dir='ltr'>enarratione</span> <span class='ocrx_word' id='word_1_171' title='bbox 572 3027 611 3090; x_wconf 94' lang='lat' dir='ltr'>de</span> <span class='ocrx_word' id='word_1_172' title='bbox 635 3025 798 3089; x_wconf 78' lang='lat' dir='ltr'>Glaucone</span> <span class='ocrx_word' id='word_1_173' title='bbox 821 3046 840 3089; x_wconf 92' lang='lat' dir='ltr'>a</span> <span class='ocrx_word' id='word_1_174' title='bbox 862 3025 990 3090; x_wconf 87' lang='lat' dir='ltr'>Socrate</span> <span class='ocrx_word' id='word_1_175' title='bbox 1014 3024 1176 3090; x_wconf 87' lang='lat' dir='ltr'>confutato</span> <span class='ocrx_word' id='word_1_176' title='bbox 1200 3024 1270 3107; x_wconf 89' lang='lat' dir='ltr'>(III,</span> <span class='ocrx_word' id='word_1_177' title='bbox 1293 3025 1323 3106; x_wconf 91' lang='lat'>6,</span> 
     </span>
    </p>
   </div>
   <div class='ocr_carea' id='block_1_3' title="bbox 201 3135 1323 3224">
    <p class='ocr_par' dir='ltr' id='par_1_3' title="bbox 201 3135 1323 3224">
     <span class='ocr_line' id='line_1_23' title="bbox 201 3135 1323 3224; baseline -0.003 -21"><span class='ocrx_word' id='word_1_178' title='bbox 201 3142 309 3224; x_wconf 85' lang='lat' dir='ltr'>2sq.):</span> <span class='ocrx_word' id='word_1_179' title='bbox 334 3143 443 3220; x_wconf 81' lang='grc' dir='ltr'><strong><em>πρῶτον</em></strong></span> <span class='ocrx_word' id='word_1_180' title='bbox 466 3139 522 3216; x_wconf 83' lang='grc' dir='ltr'>μὲν</span> <span class='ocrx_word' id='word_1_181' title='bbox 546 3139 576 3210; x_wconf 77' lang='grc' dir='ltr'>ἐς</span> <span class='ocrx_word' id='word_1_182' title='bbox 594 3139 627 3202; x_wconf 84' lang='grc' dir='ltr'><strong><em>τὸ</em></strong></span> <span class='ocrx_word' id='word_1_183' title='bbox 650 3138 783 3211; x_wconf 76' lang='grc' dir='ltr'><strong><em>ε’ύελῆοαν</em></strong></span> <span class='ocrx_word' id='word_1_184' title='bbox 803 3135 925 3210; x_wconf 79' lang='grc' dir='ltr'><strong><em>οὲκούενν,</em></strong></span> <span class='ocrx_word' id='word_1_185' title='bbox 945 3135 1043 3201; x_wconf 66' lang='lat' dir='ltr'>rotatis</span> <span class='ocrx_word' id='word_1_186' title='bbox 1061 3135 1161 3211; x_wconf 78' lang='grc' dir='ltr'><strong><em>λέξας,</em></strong></span> <span class='ocrx_word' id='word_1_187' title='bbox 1174 3137 1323 3218; x_wconf 77' lang='grc' dir='ltr'><strong><em>κατέσχεν</em></strong></span> 
     </span>
    </p>
   </div>
   <div class='ocr_carea' id='block_1_4' title="bbox 201 3247 1324 4134">
    <p class='ocr_par' dir='ltr' id='par_1_4' title="bbox 201 3247 1322 3332">
     <span class='ocr_line' id='line_1_24' title="bbox 201 3247 1322 3332; baseline -0.003 -14"><span class='ocrx_word' id='word_1_188' title='bbox 201 3259 233 3318; x_wconf 85' lang='lat' dir='ltr'>et</span> <span class='ocrx_word' id='word_1_189' title='bbox 255 3258 355 3319; x_wconf 77' lang='grc' dir='ltr'><strong><em>ταῦτα</em></strong></span> <span class='ocrx_word' id='word_1_190' title='bbox 378 3247 424 3317; x_wconf 83' lang='grc' dir='ltr'>οὗν</span> <span class='ocrx_word' id='word_1_191' title='bbox 446 3251 556 3317; x_wconf 79' lang='grc' dir='ltr'><strong><em>οὶκούων</em></strong></span> <span class='ocrx_word' id='word_1_192' title='bbox 580 3252 593 3315; x_wconf 80' lang='grc' dir='ltr'><em>ὁ</em></span> <span class='ocrx_word' id='word_1_193' title='bbox 618 3251 757 3317; x_wconf 84' lang='grc' dir='ltr'><strong><em>Γλαύκων</em></strong></span> <span class='ocrx_word' id='word_1_194' title='bbox 777 3250 976 3329; x_wconf 72' lang='grc' dir='ltr'><strong><em>ἐμεγαλύνετο</em></strong></span> <span class='ocrx_word' id='word_1_195' title='bbox 996 3251 1048 3315; x_wconf 78' lang='grc' dir='ltr'>καὶ</span> <span class='ocrx_word' id='word_1_196' title='bbox 1069 3249 1322 3332; x_wconf 78' lang='grc' dir='ltr'><strong><em>ύδὲωςτταρέμενε.</em></strong></span> 
     </span>
    </p>

    <p class='ocr_par' dir='ltr' id='par_1_5' title="bbox 201 3364 1324 4014">
     <span class='ocr_line' id='line_1_25' title="bbox 247 3364 1324 3451; baseline -0.003 -20"><span class='ocrx_word' id='word_1_197' title='bbox 247 3366 348 3451; x_wconf 85' lang='lat' dir='ltr'>eaput</span> <span class='ocrx_word' id='word_1_198' title='bbox 378 3367 434 3450; x_wconf 86' lang='lat' dir='ltr'>IV,</span> <span class='ocrx_word' id='word_1_199' title='bbox 459 3368 499 3429; x_wconf 83' lang='lat'>12</span> <span class='ocrx_word' id='word_1_200' title='bbox 514 3387 560 3450; x_wconf 89' lang='lat' dir='ltr'>sq.</span> <span class='ocrx_word' id='word_1_201' title='bbox 584 3365 665 3429; x_wconf 74' lang='lat' dir='ltr'>tium</span> <span class='ocrx_word' id='word_1_202' title='bbox 688 3365 808 3449; x_wconf 90' lang='lat' dir='ltr'>Hippia</span> <span class='ocrx_word' id='word_1_203' title='bbox 832 3366 999 3450; x_wconf 90' lang='lat' dir='ltr'>disputans</span> <span class='ocrx_word' id='word_1_204' title='bbox 1023 3364 1167 3430; x_wconf 86' lang='lat' dir='ltr'>Socrates</span> <span class='ocrx_word' id='word_1_205' title='bbox 1192 3366 1268 3429; x_wconf 91' lang='lat' dir='ltr'>dicit</span> <span class='ocrx_word' id='word_1_206' title='bbox 1291 3365 1324 3429; x_wconf 83' lang='grc' dir='ltr'><strong><em>τὸ</em></strong></span> 
     </span>
     <span class='ocr_line' id='line_1_26' title="bbox 202 3469 1324 3564; baseline -0.004 -20"><span class='ocrx_word' id='word_1_207' title='bbox 202 3482 324 3559; x_wconf 80' lang='grc' dir='ltr'><strong><em>νύμνμον</em></strong></span> <span class='ocrx_word' id='word_1_208' title='bbox 346 3479 452 3544; x_wconf 75' lang='grc' dir='ltr'><strong><em>δίκαιον</em></strong></span> <span class='ocrx_word' id='word_1_209' title='bbox 475 3473 554 3544; x_wconf 78' lang='grc' dir='ltr'><strong><em>εἶναι.</em></strong></span> <span class='ocrx_word' id='word_1_210' title='bbox 579 3479 684 3564; x_wconf 83' lang='lat' dir='ltr'>Rogat</span> <span class='ocrx_word' id='word_1_211' title='bbox 705 3479 841 3563; x_wconf 89' lang='lat' dir='ltr'>Hippias</span> <span class='ocrx_word' id='word_1_212' title='bbox 864 3469 920 3557; x_wconf 80' lang='grc' dir='ltr'><strong><em>οἶρα</em></strong></span> <span class='ocrx_word' id='word_1_213' title='bbox 943 3478 976 3541; x_wconf 78' lang='grc' dir='ltr'><strong><em>τὸ</em></strong></span> <span class='ocrx_word' id='word_1_214' title='bbox 995 3477 1066 3541; x_wconf 77' lang='lat' dir='ltr'>ariri</span> <span class='ocrx_word' id='word_1_215' title='bbox 1085 3475 1182 3555; x_wconf 70' lang='grc' dir='ltr'><strong><em>λέγειν</em></strong></span> <span class='ocrx_word' id='word_1_216' title='bbox 1202 3473 1324 3554; x_wconf 79' lang='grc' dir='ltr'><strong><em>νύμνμύν</em></strong></span> 
     </span>
     <span class='ocr_line' id='line_1_27' title="bbox 202 3587 1320 3676; baseline -0.009 -16"><span class='ocrx_word' id='word_1_217' title='bbox 202 3620 237 3660; x_wconf 86' lang='grc' dir='ltr'><strong><em>τε</em></strong></span> <span class='ocrx_word' id='word_1_218' title='bbox 267 3593 319 3660; x_wconf 73' lang='grc' dir='ltr'>καὶ</span> <span class='ocrx_word' id='word_1_219' title='bbox 351 3593 459 3659; x_wconf 75' lang='grc' dir='ltr'><strong><em>δίκαιον</em></strong></span> <span class='ocrx_word' id='word_1_220' title='bbox 489 3587 569 3666; x_wconf 78' lang='grc' dir='ltr'><strong><em>εἶναι,</em></strong></span> <span class='ocrx_word' id='word_1_221' title='bbox 595 3598 627 3658; x_wconf 90' lang='lat' dir='ltr'>et</span> <span class='ocrx_word' id='word_1_222' title='bbox 649 3591 745 3670; x_wconf 74' lang='grc' dir='ltr'><strong><em>ἐγύγε</em></strong></span> <span class='ocrx_word' id='word_1_223' title='bbox 767 3592 939 3676; x_wconf 85' lang='lat' dir='ltr'>respondet</span> <span class='ocrx_word' id='word_1_224' title='bbox 963 3591 1116 3656; x_wconf 74' lang='lat' dir='ltr'>Socrates·</span> <span class='ocrx_word' id='word_1_225' title='bbox 1139 3589 1220 3653; x_wconf 83' lang='lat' dir='ltr'>Turn</span> <span class='ocrx_word' id='word_1_226' title='bbox 1243 3588 1320 3672; x_wconf 90' lang='lat' dir='ltr'>Hip·</span> 
     </span>
     <span class='ocr_line' id='line_1_28' title="bbox 201 3699 1320 3795; baseline -0.011 -20"><span class='ocrx_word' id='word_1_227' title='bbox 201 3713 287 3795; x_wconf 89' lang='lat' dir='ltr'>pias:</span> <span class='ocrx_word' id='word_1_228' title='bbox 312 3709 343 3774; x_wconf 90' lang='grc' dir='ltr'>ού</span> <span class='ocrx_word' id='word_1_229' title='bbox 367 3707 425 3788; x_wconf 73' lang='grc' dir='ltr'>γαρ</span> <span class='ocrx_word' id='word_1_230' title='bbox 449 3704 626 3784; x_wconf 54' lang='lat' dir='ltr'>atrebata!</span> <span class='ocrx_word' id='word_1_231' title='bbox 642 3729 693 3770; x_wconf 86' lang='grc' dir='ltr'><strong><em>τον</em></strong></span> <span class='ocrx_word' id='word_1_232' title='bbox 713 3706 809 3769; x_wconf 80' lang='grc' dir='ltr'><strong><em>ύτοῖον</em></strong></span> <span class='ocrx_word' id='word_1_233' title='bbox 828 3703 951 3781; x_wconf 79' lang='grc' dir='ltr'><strong><em>νόμιμον</em></strong></span> <span class='ocrx_word' id='word_1_234' title='bbox 971 3703 1082 3777; x_wconf 78' lang='grc' dir='ltr'><strong><em>ἣτοῖον</em></strong></span> <span class='ocrx_word' id='word_1_235' title='bbox 1094 3701 1202 3766; x_wconf 70' lang='grc' dir='ltr'><strong><em>δίκαιον</em></strong></span> <span class='ocrx_word' id='word_1_236' title='bbox 1213 3699 1320 3778; x_wconf 72' lang='grc' dir='ltr'><strong><em>λύγοις.</em></strong></span> 
     </span>
     <span class='ocr_line' id='line_1_29' title="bbox 201 3814 1323 3906; baseline -0.009 -18"><span class='ocrx_word' id='word_1_237' title='bbox 201 3823 298 3888; x_wconf 87' lang='lat' dir='ltr'>Recte</span> <span class='ocrx_word' id='word_1_238' title='bbox 322 3821 470 3906; x_wconf 88' lang='lat' dir='ltr'>procedet</span> <span class='ocrx_word' id='word_1_239' title='bbox 493 3821 676 3904; x_wconf 89' lang='lat' dir='ltr'>disputatio,</span> <span class='ocrx_word' id='word_1_240' title='bbox 701 3822 729 3885; x_wconf 92' lang='lat' dir='ltr'>si</span> <span class='ocrx_word' id='word_1_241' title='bbox 751 3838 809 3903; x_wconf 91' lang='lat' dir='ltr'>pro</span> <span class='ocrx_word' id='word_1_242' title='bbox 833 3819 865 3882; x_wconf 86' lang='grc' dir='ltr'>ού</span> <span class='ocrx_word' id='word_1_243' title='bbox 889 3815 946 3895; x_wconf 70' lang='grc' dir='ltr'>γὰρ</span> <span class='ocrx_word' id='word_1_244' title='bbox 969 3814 1144 3894; x_wconf 69' lang='grc' dir='ltr'><strong><em>αἰσθάνομαι</em></strong></span> <span class='ocrx_word' id='word_1_245' title='bbox 1167 3816 1323 3899; x_wconf 89' lang='lat' dir='ltr'>scriptum</span> 
     </span>
     <span class='ocr_line' id='line_1_30' title="bbox 202 3929 613 4014; baseline -0.01 -13"><span class='ocrx_word' id='word_1_246' title='bbox 202 3937 261 4000; x_wconf 87' lang='lat' dir='ltr'>erit</span> <span class='ocrx_word' id='word_1_247' title='bbox 284 3934 336 3998; x_wconf 89' lang='grc' dir='ltr'>ούκ</span> <span class='ocrx_word' id='word_1_248' title='bbox 358 3930 402 4014; x_wconf 75' lang='grc' dir='ltr'>ἄρ’</span> <span class='ocrx_word' id='word_1_249' title='bbox 426 3929 613 4010; x_wconf 77' lang='grc' dir='ltr'><strong><em>αἶτύούνομαν.</em></strong></span> 
     </span>
    </p>

    <p class='ocr_par' dir='ltr' id='par_1_6' title="bbox 247 4043 855 4134">
     <span class='ocr_line' id='line_1_31' title="bbox 247 4043 855 4134; baseline -0.002 -21"><span class='ocrx_word' id='word_1_250' title='bbox 247 4050 356 4134; x_wconf 83' lang='lat' dir='ltr'>Atque</span> <span class='ocrx_word' id='word_1_251' title='bbox 378 4049 457 4113; x_wconf 89' lang='lat' dir='ltr'>haec</span> <span class='ocrx_word' id='word_1_252' title='bbox 481 4048 610 4132; x_wconf 93' lang='lat' dir='ltr'>quidem</span> <span class='ocrx_word' id='word_1_253' title='bbox 634 4049 798 4113; x_wconf 89' lang='lat' dir='ltr'>hactenus.</span> <span class='ocrx_word' id='word_1_254' title='bbox 851 4043 855 4050; x_wconf 83' lang='grc'><strong>’</strong></span> 
     </span>
    </p>
   </div>
   <div class='ocr_carea' id='block_1_5' title="bbox 665 4345 859 4358">
    <p class='ocr_par' dir='ltr' id='par_1_7' title="bbox 665 4345 859 4358">
     <span class='ocr_line' id='line_1_32' title="bbox 665 4345 859 4358; baseline 0 -4"><span class='ocrx_word' id='word_1_255' title='bbox 665 4345 859 4358; x_wconf 86' lang='grc'><em>.-.--.</em></span> 
     </span>
    </p>
   </div>
   <div class='ocr_carea' id='block_1_6' title="bbox 0 0 1688 5260">
    <p class='ocr_par' dir='ltr' id='par_1_8' title="bbox 0 0 1688 5260">
     <span class='ocr_line' id='line_1_33' title="bbox 0 0 1688 5260; baseline 0 0"><span class='ocrx_word' id='word_1_256' title='bbox 0 0 1688 5260; x_wconf 95' lang='lat' dir='ltr'> </span> 
     </span>
    </p>
   </div>
  </div>
 </body>
</html>
