<?xml version="1.0" encoding="UTF-8"?>
<!DOCTYPE html PUBLIC "-//W3C//DTD XHTML 1.0 Transitional//EN"
    "http://www.w3.org/TR/xhtml1/DTD/xhtml1-transitional.dtd">
<html xmlns="http://www.w3.org/1999/xhtml" xml:lang="en" lang="en">
 <head>
  <title>
</title>
<meta http-equiv="Content-Type" content="text/html;charset=utf-8" />
  <meta name='ocr-system' content='tesseract 3.04.00' />
  <meta name='ocr-capabilities' content='ocr_page ocr_carea ocr_par ocr_line ocrx_word'/>
</head>
<body>
  <div class='ocr_page' id='page_1' title='image "./analectaxenopho00hartgoog_0072.png"; bbox 0 0 3354 5268; ppageno 0'>
   <div class='ocr_carea' id='block_1_1' title="bbox 765 637 804 700">
    <p class='ocr_par' dir='ltr' id='par_1_1' title="bbox 765 637 804 700">
     <span class='ocr_line' id='line_1_1' title="bbox 765 637 804 700; baseline 0 0"><span class='ocrx_word' id='word_1_1' title='bbox 765 637 804 700; x_wconf 74' lang='lat'>57</span> 
     </span>
    </p>
   </div>
   <div class='ocr_carea' id='block_1_2' title="bbox 212 823 1344 1808">
    <p class='ocr_par' dir='ltr' id='par_1_2' title="bbox 229 823 1341 1137">
     <span class='ocr_line' id='line_1_2' title="bbox 230 823 1341 908; baseline 0.004 -23"><span class='ocrx_word' id='word_1_2' title='bbox 230 823 402 906; x_wconf 69' lang='lat' dir='ltr'>vocabulis</span> <span class='ocrx_word' id='word_1_3' title='bbox 425 843 521 907; x_wconf 82' lang='lat' dir='ltr'>pravo</span> <span class='ocrx_word' id='word_1_4' title='bbox 546 825 596 888; x_wconf 88' lang='lat' dir='ltr'>vel</span> <span class='ocrx_word' id='word_1_5' title='bbox 618 825 725 908; x_wconf 89' lang='lat' dir='ltr'>potius</span> <span class='ocrx_word' id='word_1_6' title='bbox 748 824 837 889; x_wconf 90' lang='lat' dir='ltr'>nullo</span> <span class='ocrx_word' id='word_1_7' title='bbox 859 825 978 888; x_wconf 88' lang='lat' dir='ltr'>iudicio</span> <span class='ocrx_word' id='word_1_8' title='bbox 998 825 1113 888; x_wconf 87' lang='lat' dir='ltr'>additis</span> <span class='ocrx_word' id='word_1_9' title='bbox 1132 829 1263 906; x_wconf 77' lang='lat' dir='ltr'>constat,</span> <span class='ocrx_word' id='word_1_10' title='bbox 1282 844 1341 890; x_wconf 92' lang='lat' dir='ltr'>nec</span> 
     </span>
     <span class='ocr_line' id='line_1_3' title="bbox 229 937 1341 1023; baseline 0 -22"><span class='ocrx_word' id='word_1_11' title='bbox 229 942 335 1002; x_wconf 85' lang='lat' dir='ltr'>tamon</span> <span class='ocrx_word' id='word_1_12' title='bbox 370 937 487 1001; x_wconf 87' lang='lat' dir='ltr'>desunt</span> <span class='ocrx_word' id='word_1_13' title='bbox 521 937 581 1000; x_wconf 86' lang='lat' dir='ltr'>alia</span> <span class='ocrx_word' id='word_1_14' title='bbox 615 939 827 1022; x_wconf 81' lang='lat' dir='ltr'>corruptionis</span> <span class='ocrx_word' id='word_1_15' title='bbox 856 957 981 1022; x_wconf 87' lang='lat' dir='ltr'>genera.</span> <span class='ocrx_word' id='word_1_16' title='bbox 1013 937 1074 1002; x_wconf 84' lang='lat' dir='ltr'>Sed</span> <span class='ocrx_word' id='word_1_17' title='bbox 1105 942 1242 1023; x_wconf 82' lang='lat' dir='ltr'>praestat</span> <span class='ocrx_word' id='word_1_18' title='bbox 1264 940 1341 1002; x_wconf 90' lang='lat' dir='ltr'>insi-</span> 
     </span>
     <span class='ocr_line' id='line_1_4' title="bbox 229 1052 826 1137; baseline 0.002 -23"><span class='ocrx_word' id='word_1_19' title='bbox 229 1053 341 1135; x_wconf 82' lang='lat' dir='ltr'>gniora</span> <span class='ocrx_word' id='word_1_20' title='bbox 364 1052 518 1134; x_wconf 86' lang='lat' dir='ltr'>quaedam</span> <span class='ocrx_word' id='word_1_21' title='bbox 540 1052 650 1116; x_wconf 82' lang='lat' dir='ltr'>afferre</span> <span class='ocrx_word' id='word_1_22' title='bbox 672 1053 826 1137; x_wconf 87' lang='lat' dir='ltr'>exempla.</span> 
     </span>
    </p>

    <p class='ocr_par' dir='ltr' id='par_1_3' title="bbox 212 1161 1344 1808">
     <span class='ocr_line' id='line_1_5' title="bbox 274 1161 1341 1247; baseline 0.001 -19"><span class='ocrx_word' id='word_1_23' title='bbox 274 1163 307 1228; x_wconf 76' lang='grc' dir='ltr'>Ιν</span> <span class='ocrx_word' id='word_1_24' title='bbox 336 1164 378 1247; x_wconf 86' lang='grc' dir='ltr'>Π,</span> <span class='ocrx_word' id='word_1_25' title='bbox 411 1165 439 1246; x_wconf 78' lang='lat' dir='ltr'>l,</span> <span class='ocrx_word' id='word_1_26' title='bbox 470 1165 488 1227; x_wconf 87' lang='lat'><strong>6</strong></span> <span class='ocrx_word' id='word_1_27' title='bbox 519 1164 552 1228; x_wconf 87' lang='grc' dir='ltr'>τό</span> <span class='ocrx_word' id='word_1_28' title='bbox 583 1163 614 1227; x_wconf 75' lang='grc' dir='ltr'>δὲ</span> <span class='ocrx_word' id='word_1_29' title='bbox 644 1163 815 1244; x_wconf 60' lang='lat' dir='ltr'>unctuosa</span> <span class='ocrx_word' id='word_1_30' title='bbox 838 1162 979 1244; x_wconf 80' lang='grc' dir='ltr'><em>ἐπορίζετο</em></span> <span class='ocrx_word' id='word_1_31' title='bbox 1003 1171 1083 1228; x_wconf 82' lang='grc' dir='ltr'><em>σῖτον</em></span> <span class='ocrx_word' id='word_1_32' title='bbox 1105 1161 1181 1236; x_wconf 78' lang='grc' dir='ltr'><em>όπως</em></span> <span class='ocrx_word' id='word_1_33' title='bbox 1203 1163 1341 1229; x_wconf 74' lang='grc' dir='ltr'><em>ἕδόνοιτοι</em></span> 
     </span>
     <span class='ocr_line' id='line_1_6' title="bbox 212 1277 1344 1359; baseline 0.001 -19"><span class='ocrx_word' id='word_1_34' title='bbox 212 1278 274 1340; x_wconf 72' lang='lat' dir='ltr'>&#39;ita</span> <span class='ocrx_word' id='word_1_35' title='bbox 304 1281 351 1341; x_wconf 90' lang='lat' dir='ltr'>est</span> <span class='ocrx_word' id='word_1_36' title='bbox 380 1279 414 1340; x_wconf 95' lang='lat' dir='ltr'>in</span> <span class='ocrx_word' id='word_1_37' title='bbox 438 1277 647 1342; x_wconf 87' lang='lat' dir='ltr'>deterioribus</span> <span class='ocrx_word' id='word_1_38' title='bbox 671 1277 842 1359; x_wconf 79' lang='lat' dir='ltr'>codicibus,</span> <span class='ocrx_word' id='word_1_39' title='bbox 864 1280 899 1340; x_wconf 92' lang='lat' dir='ltr'>in</span> <span class='ocrx_word' id='word_1_40' title='bbox 920 1277 1103 1341; x_wconf 89' lang='lat' dir='ltr'>melioribus</span> <span class='ocrx_word' id='word_1_41' title='bbox 1127 1278 1271 1342; x_wconf 90' lang='lat' dir='ltr'>additum</span> <span class='ocrx_word' id='word_1_42' title='bbox 1295 1283 1344 1342; x_wconf 88' lang='lat' dir='ltr'>est</span> 
     </span>
     <span class='ocr_line' id='line_1_7' title="bbox 231 1387 1344 1476; baseline 0.002 -23"><span class='ocrx_word' id='word_1_43' title='bbox 231 1387 282 1454; x_wconf 79' lang='grc' dir='ltr'><em>κοί</em></span> <span class='ocrx_word' id='word_1_44' title='bbox 316 1387 416 1454; x_wconf 87' lang='grc' dir='ltr'><em>ποτόν;</em></span> <span class='ocrx_word' id='word_1_45' title='bbox 448 1393 676 1476; x_wconf 81' lang='lat' dir='ltr'>grammaticus</span> <span class='ocrx_word' id='word_1_46' title='bbox 708 1393 855 1471; x_wconf 83' lang='lat' dir='ltr'>oscitans,</span> <span class='ocrx_word' id='word_1_47' title='bbox 879 1393 932 1455; x_wconf 90' lang='lat' dir='ltr'>cui</span> <span class='ocrx_word' id='word_1_48' title='bbox 962 1392 1039 1454; x_wconf 88' lang='lat' dir='ltr'>haec</span> <span class='ocrx_word' id='word_1_49' title='bbox 1062 1390 1158 1456; x_wconf 86' lang='lat' dir='ltr'>verba</span> <span class='ocrx_word' id='word_1_50' title='bbox 1182 1391 1344 1474; x_wconf 85' lang='lat' dir='ltr'>debemus,</span> 
     </span>
     <span class='ocr_line' id='line_1_8' title="bbox 231 1505 1344 1589; baseline 0.002 -23"><span class='ocrx_word' id='word_1_51' title='bbox 231 1523 295 1567; x_wconf 92' lang='lat' dir='ltr'>non</span> <span class='ocrx_word' id='word_1_52' title='bbox 330 1505 561 1586; x_wconf 87' lang='lat' dir='ltr'>animadvertit,</span> <span class='ocrx_word' id='word_1_53' title='bbox 591 1525 687 1588; x_wconf 89' lang='lat' dir='ltr'>qnam</span> <span class='ocrx_word' id='word_1_54' title='bbox 718 1505 862 1586; x_wconf 88' lang='lat' dir='ltr'>ridicula,</span> <span class='ocrx_word' id='word_1_55' title='bbox 885 1505 945 1569; x_wconf 93' lang='lat' dir='ltr'>hoc</span> <span class='ocrx_word' id='word_1_56' title='bbox 972 1505 1186 1570; x_wconf 84' lang='lat' dir='ltr'>additamento</span> <span class='ocrx_word' id='word_1_57' title='bbox 1209 1510 1344 1589; x_wconf 84' lang='lat' dir='ltr'>recepto,</span> 
     </span>
     <span class='ocr_line' id='line_1_9' title="bbox 231 1617 1344 1712; baseline 0.001 -31"><span class='ocrx_word' id='word_1_58' title='bbox 231 1637 269 1682; x_wconf 92' lang='lat' dir='ltr'>ea</span> <span class='ocrx_word' id='word_1_59' title='bbox 296 1618 375 1682; x_wconf 87' lang='lat' dir='ltr'>fiant</span> <span class='ocrx_word' id='word_1_60' title='bbox 405 1639 487 1702; x_wconf 82' lang='lat' dir='ltr'>quae</span> <span class='ocrx_word' id='word_1_61' title='bbox 517 1621 622 1684; x_wconf 87' lang='lat' dir='ltr'>statim</span> <span class='ocrx_word' id='word_1_62' title='bbox 647 1624 846 1704; x_wconf 87' lang='lat' dir='ltr'>sequuntur:</span> <span class='ocrx_word' id='word_1_63' title='bbox 871 1619 903 1682; x_wconf 84' lang='grc' dir='ltr'>ἐκ</span> <span class='ocrx_word' id='word_1_64' title='bbox 926 1621 981 1683; x_wconf 83' lang='grc' dir='ltr'>τῶν</span> <span class='ocrx_word' id='word_1_65' title='bbox 1005 1617 1165 1699; x_wconf 69' lang='grc' dir='ltr'><em>ὑποζυγίων</em></span> <span class='ocrx_word' id='word_1_66' title='bbox 1189 1617 1344 1712; x_wconf 83' lang='grc' dir='ltr'><em>κόπτοντες</em></span> 
     </span>
     <span class='ocr_line' id='line_1_10' title="bbox 232 1729 575 1808; baseline 0.006 -14"><span class='ocrx_word' id='word_1_67' title='bbox 232 1730 298 1801; x_wconf 75' lang='grc' dir='ltr'><em>τοὺς</em></span> <span class='ocrx_word' id='word_1_68' title='bbox 321 1730 393 1808; x_wconf 81' lang='grc' dir='ltr'><em>βοῦς</em></span> <span class='ocrx_word' id='word_1_69' title='bbox 416 1731 466 1797; x_wconf 73' lang='lat' dir='ltr'>acl</span> <span class='ocrx_word' id='word_1_70' title='bbox 489 1729 575 1804; x_wconf 80' lang='grc' dir='ltr'><em>όνονς.</em></span> 
     </span>
    </p>
   </div>
   <div class='ocr_carea' id='block_1_3' title="bbox 196 1843 1347 2608">
    <p class='ocr_par' dir='ltr' id='par_1_4' title="bbox 196 1843 1344 2269">
     <span class='ocr_line' id='line_1_11' title="bbox 275 1843 1344 1928; baseline 0.002 -20"><span class='ocrx_word' id='word_1_71' title='bbox 275 1843 309 1908; x_wconf 87' lang='lat' dir='ltr'>L.</span> <span class='ocrx_word' id='word_1_72' title='bbox 340 1845 381 1927; x_wconf 78' lang='grc' dir='ltr'>Π,</span> <span class='ocrx_word' id='word_1_73' title='bbox 413 1849 443 1928; x_wconf 81' lang='lat'>4,</span> <span class='ocrx_word' id='word_1_74' title='bbox 475 1849 493 1908; x_wconf 87' lang='lat'>5</span> <span class='ocrx_word' id='word_1_75' title='bbox 523 1843 574 1909; x_wconf 82' lang='grc' dir='ltr'><em>κοιί</em></span> <span class='ocrx_word' id='word_1_76' title='bbox 605 1843 674 1922; x_wconf 81' lang='grc' dir='ltr'><em>όόμιι</em></span> <span class='ocrx_word' id='word_1_77' title='bbox 704 1848 802 1910; x_wconf 85' lang='grc' dir='ltr'><em>τιιῖιτοι</em></span> <span class='ocrx_word' id='word_1_78' title='bbox 834 1844 986 1909; x_wconf 77' lang='grc' dir='ltr'><em>ποιούντων</em></span> <span class='ocrx_word' id='word_1_79' title='bbox 1009 1847 1090 1922; x_wconf 78' lang='grc' dir='ltr'><em>ἡμῶν</em></span> <span class='ocrx_word' id='word_1_80' title='bbox 1114 1845 1194 1918; x_wconf 79' lang='grc' dir='ltr'><em>εὐθὺς</em></span> <span class='ocrx_word' id='word_1_81' title='bbox 1216 1847 1344 1925; x_wconf 72' lang='grc' dir='ltr'><em>Ἀριαῖος</em></span> 
     </span>
     <span class='ocr_line' id='line_1_12' title="bbox 231 1954 1343 2044; baseline 0 -22"><span class='ocrx_word' id='word_1_82' title='bbox 231 1954 417 2036; x_wconf 63' lang='lat' dir='ltr'>dccccl}</span> <span class='ocrx_word' id='word_1_83' title='bbox 424 1981 464 2020; x_wconf 87' lang='grc' dir='ltr'>ει.</span> <span class='ocrx_word' id='word_1_84' title='bbox 483 1958 580 2023; x_wconf 88' lang='lat' dir='ltr'>Recte</span> <span class='ocrx_word' id='word_1_85' title='bbox 599 1961 642 2023; x_wconf 89' lang='lat' dir='ltr'>ita</span> <span class='ocrx_word' id='word_1_86' title='bbox 661 1960 778 2044; x_wconf 84' lang='lat' dir='ltr'>legitur</span> <span class='ocrx_word' id='word_1_87' title='bbox 798 1962 830 2022; x_wconf 95' lang='lat' dir='ltr'>in</span> <span class='ocrx_word' id='word_1_88' title='bbox 845 1959 1071 2024; x_wconf 87' lang='lat' dir='ltr'>deterioribus:</span> <span class='ocrx_word' id='word_1_89' title='bbox 1085 1961 1230 2043; x_wconf 87' lang='lat' dir='ltr'>sequitur</span> <span class='ocrx_word' id='word_1_90' title='bbox 1241 1961 1343 2024; x_wconf 91' lang='lat' dir='ltr'>enim:</span> 
     </span>
     <span class='ocr_line' id='line_1_13' title="bbox 196 2069 1344 2149; baseline 0.003 -16"><span class='ocrx_word' id='word_1_91' title='bbox 196 2100 199 2106; x_wconf 92' lang='lat'>·</span> <span class='ocrx_word' id='word_1_92' title='bbox 232 2069 306 2134; x_wconf 81' lang='grc' dir='ltr'><em>ὥστε</em></span> <span class='ocrx_word' id='word_1_93' title='bbox 339 2070 425 2147; x_wconf 76' lang='grc' dir='ltr'><em>φίλος</em></span> <span class='ocrx_word' id='word_1_94' title='bbox 456 2070 527 2148; x_wconf 77' lang='grc' dir='ltr'><em>ἡμῖν</em></span> <span class='ocrx_word' id='word_1_95' title='bbox 557 2069 650 2143; x_wconf 78' lang='grc' dir='ltr'><em>οὐδεὶς</em></span> <span class='ocrx_word' id='word_1_96' title='bbox 681 2071 923 2149; x_wconf 69' lang='grc' dir='ltr'><em>λελείψεται.</em></span> <span class='ocrx_word' id='word_1_97' title='bbox 949 2071 1096 2137; x_wconf 87' lang='lat' dir='ltr'>Meliores</span> <span class='ocrx_word' id='word_1_98' title='bbox 1121 2073 1344 2137; x_wconf 81' lang='lat' dir='ltr'>soloecismum</span> 
     </span>
     <span class='ocr_line' id='line_1_14' title="bbox 231 2182 558 2269; baseline 0.006 -23"><span class='ocrx_word' id='word_1_99' title='bbox 231 2182 377 2256; x_wconf 81' lang='grc' dir='ltr'><em>ιἰποστιιίν</em></span> <span class='ocrx_word' id='word_1_100' title='bbox 400 2184 558 2269; x_wconf 87' lang='lat' dir='ltr'>praebent.</span> 
     </span>
    </p>

    <p class='ocr_par' dir='ltr' id='par_1_5' title="bbox 233 2298 1346 2488">
     <span class='ocr_line' id='line_1_15' title="bbox 275 2298 1346 2382; baseline -0.001 -20"><span class='ocrx_word' id='word_1_101' title='bbox 275 2298 377 2363; x_wconf 86' lang='lat' dir='ltr'>Paulo</span> <span class='ocrx_word' id='word_1_102' title='bbox 401 2305 472 2382; x_wconf 90' lang='lat' dir='ltr'>post</span> <span class='ocrx_word' id='word_1_103' title='bbox 493 2301 526 2362; x_wconf 92' lang='lat' dir='ltr'>in</span> <span class='ocrx_word' id='word_1_104' title='bbox 553 2299 736 2364; x_wconf 87' lang='lat' dir='ltr'>melioribus</span> <span class='ocrx_word' id='word_1_105' title='bbox 759 2299 892 2363; x_wconf 87' lang='lat' dir='ltr'>barbare</span> <span class='ocrx_word' id='word_1_106' title='bbox 912 2301 1065 2382; x_wconf 89' lang='lat' dir='ltr'>scriptum</span> <span class='ocrx_word' id='word_1_107' title='bbox 1087 2299 1286 2377; x_wconf 66' lang='lat' dir='ltr'>estolidum.</span> <span class='ocrx_word' id='word_1_108' title='bbox 1306 2299 1346 2361; x_wconf 93' lang='lat' dir='ltr'>In</span> 
     </span>
     <span class='ocr_line' id='line_1_16' title="bbox 233 2411 1180 2488; baseline 0 -13"><span class='ocrx_word' id='word_1_109' title='bbox 233 2412 442 2477; x_wconf 85' lang='lat' dir='ltr'>deterioribus</span> <span class='ocrx_word' id='word_1_110' title='bbox 465 2433 541 2476; x_wconf 81' lang='lat' dir='ltr'>vera</span> <span class='ocrx_word' id='word_1_111' title='bbox 563 2419 594 2477; x_wconf 92' lang='lat' dir='ltr'>et</span> <span class='ocrx_word' id='word_1_112' title='bbox 616 2414 723 2477; x_wconf 81' lang='lat' dir='ltr'>Attica</span> <span class='ocrx_word' id='word_1_113' title='bbox 745 2413 848 2477; x_wconf 85' lang='lat' dir='ltr'>forma</span> <span class='ocrx_word' id='word_1_114' title='bbox 870 2411 955 2488; x_wconf 86' lang='grc' dir='ltr'><em>ίσμεν</em></span> <span class='ocrx_word' id='word_1_115' title='bbox 979 2419 1102 2477; x_wconf 86' lang='lat' dir='ltr'>servata</span> <span class='ocrx_word' id='word_1_116' title='bbox 1124 2419 1180 2477; x_wconf 87' lang='lat' dir='ltr'>est.</span> 
     </span>
    </p>

    <p class='ocr_par' dir='ltr' id='par_1_6' title="bbox 277 2518 1347 2608">
     <span class='ocr_line' id='line_1_17' title="bbox 277 2518 1347 2608; baseline -0.001 -19"><span class='ocrx_word' id='word_1_117' title='bbox 277 2526 319 2607; x_wconf 78' lang='grc' dir='ltr'>ΙΙ,</span> <span class='ocrx_word' id='word_1_118' title='bbox 354 2529 383 2608; x_wconf 85' lang='grc'>5,</span> <span class='ocrx_word' id='word_1_119' title='bbox 419 2528 436 2588; x_wconf 80' lang='grc'>7</span> <span class='ocrx_word' id='word_1_120' title='bbox 468 2526 515 2590; x_wconf 86' lang='grc' dir='ltr'>τὸν</span> <span class='ocrx_word' id='word_1_121' title='bbox 546 2525 603 2605; x_wconf 72' lang='grc' dir='ltr'><em>νόιρ</em></span> <span class='ocrx_word' id='word_1_122' title='bbox 635 2526 700 2589; x_wconf 79' lang='grc' dir='ltr'><em>θεῶν</em></span> <span class='ocrx_word' id='word_1_123' title='bbox 731 2525 859 2603; x_wconf 75' lang='grc' dir='ltr'><em>πόλεμον</em></span> <span class='ocrx_word' id='word_1_124' title='bbox 882 2526 931 2590; x_wconf 84' lang='grc' dir='ltr'><em>οὐκ</em></span> <span class='ocrx_word' id='word_1_125' title='bbox 955 2518 1022 2589; x_wconf 69' lang='lat' dir='ltr'>olda</span> <span class='ocrx_word' id='word_1_126' title='bbox 1045 2524 1103 2589; x_wconf 82' lang='grc' dir='ltr'><em>οὔτ’</em></span> <span class='ocrx_word' id='word_1_127' title='bbox 1127 2525 1187 2589; x_wconf 81' lang='grc' dir='ltr'><em>οίπό</em></span> <span class='ocrx_word' id='word_1_128' title='bbox 1210 2523 1289 2590; x_wconf 85' lang='grc' dir='ltr'><em>ποίου</em></span> <span class='ocrx_word' id='word_1_129' title='bbox 1311 2524 1347 2588; x_wconf 87' lang='grc' dir='ltr'>όιν</span> 
     </span>
    </p>
   </div>
   <div class='ocr_carea' id='block_1_4' title="bbox 232 2638 1349 3179">
    <p class='ocr_par' dir='ltr' id='par_1_7' title="bbox 232 2638 1349 3179">
     <span class='ocr_line' id='line_1_18' title="bbox 232 2638 1345 2720; baseline -0.001 -17"><span class='ocrx_word' id='word_1_130' title='bbox 232 2638 346 2718; x_wconf 82' lang='grc' dir='ltr'><em>τοίχους</em></span> <span class='ocrx_word' id='word_1_131' title='bbox 370 2639 488 2720; x_wconf 71' lang='grc' dir='ltr'><em>Φεόγων</em></span> <span class='ocrx_word' id='word_1_132' title='bbox 510 2664 555 2711; x_wconf 88' lang='grc' dir='ltr'>τις</span> <span class='ocrx_word' id='word_1_133' title='bbox 576 2640 738 2720; x_wconf 71' lang='grc' dir='ltr'><em>ἀποφύγοι,</em></span> <span class='ocrx_word' id='word_1_134' title='bbox 762 2639 820 2704; x_wconf 81' lang='grc' dir='ltr'><em>οὔτ’</em></span> <span class='ocrx_word' id='word_1_135' title='bbox 845 2641 885 2708; x_wconf 74' lang='lat' dir='ltr'>ric</span> <span class='ocrx_word' id='word_1_136' title='bbox 908 2647 987 2704; x_wconf 85' lang='grc' dir='ltr'><em>ποῖον</em></span> <span class='ocrx_word' id='word_1_137' title='bbox 1009 2639 1045 2704; x_wconf 87' lang='grc' dir='ltr'>όιν</span> <span class='ocrx_word' id='word_1_138' title='bbox 1070 2639 1170 2711; x_wconf 78' lang='grc' dir='ltr'><em>σκότος</em></span> <span class='ocrx_word' id='word_1_139' title='bbox 1194 2639 1345 2719; x_wconf 75' lang='grc' dir='ltr'><em>ιἰποδροιίν.</em></span> 
     </span>
     <span class='ocr_line' id='line_1_19' title="bbox 233 2754 1349 2838; baseline 0 -21"><span class='ocrx_word' id='word_1_140' title='bbox 233 2754 306 2817; x_wconf 88' lang='lat' dir='ltr'>Non</span> <span class='ocrx_word' id='word_1_141' title='bbox 330 2755 409 2835; x_wconf 79' lang='lat' dir='ltr'>dioo,</span> <span class='ocrx_word' id='word_1_142' title='bbox 431 2757 510 2819; x_wconf 91' lang='lat' dir='ltr'>mihi</span> <span class='ocrx_word' id='word_1_143' title='bbox 533 2755 703 2818; x_wconf 82' lang='lat' dir='ltr'>admodum</span> <span class='ocrx_word' id='word_1_144' title='bbox 728 2756 809 2819; x_wconf 90' lang='lat' dir='ltr'>hanc</span> <span class='ocrx_word' id='word_1_145' title='bbox 831 2756 998 2820; x_wconf 87' lang='lat' dir='ltr'>lectionem</span> <span class='ocrx_word' id='word_1_146' title='bbox 1023 2756 1154 2838; x_wconf 82' lang='lat' dir='ltr'>placere,</span> <span class='ocrx_word' id='word_1_147' title='bbox 1175 2775 1248 2817; x_wconf 89' lang='lat' dir='ltr'>nam</span> <span class='ocrx_word' id='word_1_148' title='bbox 1270 2755 1349 2837; x_wconf 91' lang='lat' dir='ltr'>quid</span> 
     </span>
     <span class='ocr_line' id='line_1_20' title="bbox 235 2866 1348 2952; baseline -0.002 -20"><span class='ocrx_word' id='word_1_149' title='bbox 235 2870 276 2932; x_wconf 90' lang='lat' dir='ltr'>sit</span> <span class='ocrx_word' id='word_1_150' title='bbox 298 2867 357 2931; x_wconf 81' lang='grc' dir='ltr'>όπὸ</span> <span class='ocrx_word' id='word_1_151' title='bbox 381 2867 460 2931; x_wconf 84' lang='grc' dir='ltr'><em>ποίου</em></span> <span class='ocrx_word' id='word_1_152' title='bbox 482 2866 595 2946; x_wconf 83' lang='grc' dir='ltr'><em>τοίχους</em></span> <span class='ocrx_word' id='word_1_153' title='bbox 619 2889 681 2932; x_wconf 93' lang='lat' dir='ltr'>non</span> <span class='ocrx_word' id='word_1_154' title='bbox 702 2870 799 2952; x_wconf 90' lang='lat' dir='ltr'>plane</span> <span class='ocrx_word' id='word_1_155' title='bbox 820 2870 980 2952; x_wconf 81' lang='lat' dir='ltr'>intelligo:</span> <span class='ocrx_word' id='word_1_156' title='bbox 1000 2869 1107 2952; x_wconf 85' lang='lat' dir='ltr'>aliquo</span> <span class='ocrx_word' id='word_1_157' title='bbox 1127 2867 1220 2931; x_wconf 93' lang='lat' dir='ltr'>modo</span> <span class='ocrx_word' id='word_1_158' title='bbox 1241 2873 1348 2930; x_wconf 88' lang='lat' dir='ltr'>tamen</span> 
     </span>
     <span class='ocr_line' id='line_1_21' title="bbox 234 2980 1349 3077; baseline -0.002 -33"><span class='ocrx_word' id='word_1_159' title='bbox 234 2984 268 3046; x_wconf 91' lang='lat' dir='ltr'>in</span> <span class='ocrx_word' id='word_1_160' title='bbox 291 3002 328 3047; x_wconf 91' lang='lat' dir='ltr'>ea</span> <span class='ocrx_word' id='word_1_161' title='bbox 344 2985 551 3077; x_wconf 23' lang='lat' dir='ltr'>&#39;acquiescere</span> <span class='ocrx_word' id='word_1_162' title='bbox 573 3003 712 3067; x_wconf 90' lang='lat' dir='ltr'>possum.</span> <span class='ocrx_word' id='word_1_163' title='bbox 737 2983 915 3046; x_wconf 89' lang='lat' dir='ltr'>Ridiculam</span> <span class='ocrx_word' id='word_1_164' title='bbox 940 3001 1015 3046; x_wconf 86' lang='lat' dir='ltr'>vero</span> <span class='ocrx_word' id='word_1_165' title='bbox 1039 3002 1108 3045; x_wconf 84' lang='lat' dir='ltr'>cam</span> <span class='ocrx_word' id='word_1_166' title='bbox 1127 2980 1265 3045; x_wconf 87' lang='lat' dir='ltr'>reddunt</span> <span class='ocrx_word' id='word_1_167' title='bbox 1286 2999 1349 3043; x_wconf 90' lang='lat' dir='ltr'>me-</span> 
     </span>
     <span class='ocr_line' id='line_1_22' title="bbox 234 3091 1060 3179; baseline -0.001 -21"><span class='ocrx_word' id='word_1_168' title='bbox 234 3096 339 3175; x_wconf 88' lang='lat' dir='ltr'>liores,</span> <span class='ocrx_word' id='word_1_169' title='bbox 364 3099 419 3179; x_wconf 89' lang='lat' dir='ltr'>qui</span> <span class='ocrx_word' id='word_1_170' title='bbox 444 3101 516 3179; x_wconf 87' lang='lat' dir='ltr'>post</span> <span class='ocrx_word' id='word_1_171' title='bbox 538 3093 651 3174; x_wconf 82' lang='grc' dir='ltr'><em>τοίχους</em></span> <span class='ocrx_word' id='word_1_172' title='bbox 675 3099 821 3160; x_wconf 87' lang='lat' dir='ltr'>inserunt</span> <span class='ocrx_word' id='word_1_173' title='bbox 845 3093 909 3158; x_wconf 83' lang='grc' dir='ltr'><em>οὔτε</em></span> <span class='ocrx_word' id='word_1_174' title='bbox 931 3091 992 3158; x_wconf 89' lang='grc' dir='ltr'><em>όποι</em></span> <span class='ocrx_word' id='word_1_175' title='bbox 1015 3095 1060 3157; x_wconf 76' lang='grc' dir='ltr'><em>ὄιν.</em></span> 
     </span>
    </p>
   </div>
   <div class='ocr_carea' id='block_1_5' title="bbox 234 3319 1355 4436">
    <p class='ocr_par' dir='ltr' id='par_1_8' title="bbox 234 3319 1352 3956">
     <span class='ocr_line' id='line_1_23' title="bbox 235 3319 1349 3401; baseline -0.001 -16"><span class='ocrx_word' id='word_1_176' title='bbox 235 3321 293 3385; x_wconf 84' lang='grc' dir='ltr'><em>οὔτ’</em></span> <span class='ocrx_word' id='word_1_177' title='bbox 324 3321 394 3385; x_wconf 72' lang='lat' dir='ltr'>ailo</span> <span class='ocrx_word' id='word_1_178' title='bbox 425 3329 486 3393; x_wconf 81' lang='grc' dir='ltr'><em>τοῖς</em></span> <span class='ocrx_word' id='word_1_179' title='bbox 517 3322 707 3401; x_wconf 68' lang='grc' dir='ltr'>στρατιώταις</span> <span class='ocrx_word' id='word_1_180' title='bbox 731 3322 834 3384; x_wconf 83' lang='grc' dir='ltr'><em>ἑοιντοῖι</em></span> <span class='ocrx_word' id='word_1_181' title='bbox 858 3319 923 3384; x_wconf 78' lang='grc' dir='ltr'><em>οὔτε</em></span> <span class='ocrx_word' id='word_1_182' title='bbox 945 3319 1040 3400; x_wconf 80' lang='grc' dir='ltr'><em>Φόβον</em></span> <span class='ocrx_word' id='word_1_183' title='bbox 1064 3319 1158 3391; x_wconf 81' lang='grc' dir='ltr'><em>ίκοινός</em></span> <span class='ocrx_word' id='word_1_184' title='bbox 1183 3320 1349 3396; x_wconf 72' lang='grc' dir='ltr'><em>ἐμποιῆσαι.</em></span> 
     </span>
     <span class='ocr_line' id='line_1_24' title="bbox 234 3434 1350 3520; baseline -0.003 -20"><span class='ocrx_word' id='word_1_185' title='bbox 234 3437 322 3502; x_wconf 89' lang='lat' dir='ltr'>Bene</span> <span class='ocrx_word' id='word_1_186' title='bbox 345 3438 468 3520; x_wconf 84' lang='lat' dir='ltr'>ingrata</span> <span class='ocrx_word' id='word_1_187' title='bbox 492 3436 639 3500; x_wconf 86' lang='lat' dir='ltr'>adiectivi</span> <span class='ocrx_word' id='word_1_188' title='bbox 662 3434 782 3506; x_wconf 77' lang='grc' dir='ltr'><em>δννοιτός</em></span> <span class='ocrx_word' id='word_1_189' title='bbox 802 3437 944 3519; x_wconf 90' lang='lat' dir='ltr'>repetitio</span> <span class='ocrx_word' id='word_1_190' title='bbox 965 3437 1092 3516; x_wconf 85' lang='lat' dir='ltr'>vitatur,</span> <span class='ocrx_word' id='word_1_191' title='bbox 1113 3440 1143 3498; x_wconf 89' lang='lat' dir='ltr'>et</span> <span class='ocrx_word' id='word_1_192' title='bbox 1164 3435 1261 3498; x_wconf 86' lang='lat' dir='ltr'>altero</span> <span class='ocrx_word' id='word_1_193' title='bbox 1281 3435 1350 3497; x_wconf 92' lang='lat' dir='ltr'>loco</span> 
     </span>
     <span class='ocr_line' id='line_1_25' title="bbox 237 3549 1351 3635; baseline -0.004 -21"><span class='ocrx_word' id='word_1_194' title='bbox 237 3571 293 3635; x_wconf 93' lang='lat' dir='ltr'>pro</span> <span class='ocrx_word' id='word_1_195' title='bbox 324 3570 360 3614; x_wconf 90' lang='lat' dir='ltr'>eo</span> <span class='ocrx_word' id='word_1_196' title='bbox 391 3549 486 3622; x_wconf 86' lang='grc' dir='ltr'><em>ίιιιινός</em></span> <span class='ocrx_word' id='word_1_197' title='bbox 509 3553 647 3634; x_wconf 90' lang='lat' dir='ltr'>ponitur.</span> <span class='ocrx_word' id='word_1_198' title='bbox 672 3549 745 3614; x_wconf 88' lang='lat' dir='ltr'>Non</span> <span class='ocrx_word' id='word_1_199' title='bbox 768 3550 919 3613; x_wconf 85' lang='lat' dir='ltr'>intellixit</span> <span class='ocrx_word' id='word_1_200' title='bbox 941 3550 1001 3612; x_wconf 93' lang='lat' dir='ltr'>hoc</span> <span class='ocrx_word' id='word_1_201' title='bbox 1024 3551 1061 3630; x_wconf 89' lang='lat' dir='ltr'>is,</span> <span class='ocrx_word' id='word_1_202' title='bbox 1085 3550 1177 3612; x_wconf 88' lang='lat' dir='ltr'>cuius</span> <span class='ocrx_word' id='word_1_203' title='bbox 1201 3549 1294 3631; x_wconf 86' lang='lat' dir='ltr'>culpa</span> <span class='ocrx_word' id='word_1_204' title='bbox 1317 3549 1351 3610; x_wconf 93' lang='lat' dir='ltr'>in</span> 
     </span>
     <span class='ocr_line' id='line_1_26' title="bbox 237 3657 1352 3747; baseline -0.005 -20"><span class='ocrx_word' id='word_1_205' title='bbox 237 3664 420 3728; x_wconf 90' lang='lat' dir='ltr'>melioribus</span> <span class='ocrx_word' id='word_1_206' title='bbox 443 3665 560 3747; x_wconf 88' lang='lat' dir='ltr'>legitur</span> <span class='ocrx_word' id='word_1_207' title='bbox 581 3663 695 3728; x_wconf 83' lang='grc' dir='ltr'><em>ίκοινῶι.</em></span> <span class='ocrx_word' id='word_1_208' title='bbox 721 3662 803 3727; x_wconf 88' lang='lat' dir='ltr'>Nam</span> <span class='ocrx_word' id='word_1_209' title='bbox 828 3664 906 3746; x_wconf 90' lang='lat' dir='ltr'>quid</span> <span class='ocrx_word' id='word_1_210' title='bbox 929 3682 1047 3746; x_wconf 86' lang='lat' dir='ltr'>quaeso</span> <span class='ocrx_word' id='word_1_211' title='bbox 1067 3667 1115 3726; x_wconf 91' lang='lat' dir='ltr'>est</span> <span class='ocrx_word' id='word_1_212' title='bbox 1135 3660 1237 3730; x_wconf 80' lang='grc' dir='ltr'><em>ίκιινῶς</em></span> <span class='ocrx_word' id='word_1_213' title='bbox 1256 3657 1352 3738; x_wconf 83' lang='grc' dir='ltr'><em>Φόβον</em></span> 
     </span>
     <span class='ocr_line' id='line_1_27' title="bbox 237 3773 1352 3854; baseline -0.004 -14"><span class='ocrx_word' id='word_1_214' title='bbox 237 3777 418 3854; x_wconf 69' lang='grc' dir='ltr'><em>ἐμποιῆνοιιῗ</em></span> <span class='ocrx_word' id='word_1_215' title='bbox 446 3778 497 3840; x_wconf 85' lang='lat' dir='ltr'>An</span> <span class='ocrx_word' id='word_1_216' title='bbox 522 3777 618 3841; x_wconf 88' lang='lat' dir='ltr'>forte:</span> <span class='ocrx_word' id='word_1_217' title='bbox 643 3779 785 3840; x_wconf 80' lang='lat' dir='ltr'>tentavi</span> <span class='ocrx_word' id='word_1_218' title='bbox 810 3778 906 3840; x_wconf 87' lang='lat' dir='ltr'>alicui</span> <span class='ocrx_word' id='word_1_219' title='bbox 930 3782 1050 3840; x_wconf 86' lang='lat' dir='ltr'>metum</span> <span class='ocrx_word' id='word_1_220' title='bbox 1075 3778 1218 3838; x_wconf 89' lang='lat' dir='ltr'>incutere</span> <span class='ocrx_word' id='word_1_221' title='bbox 1241 3779 1277 3836; x_wconf 90' lang='lat' dir='ltr'>ut</span> <span class='ocrx_word' id='word_1_222' title='bbox 1299 3773 1352 3836; x_wconf 89' lang='lat' dir='ltr'>fir·</span> 
     </span>
     <span class='ocr_line' id='line_1_28' title="bbox 240 3892 504 3956; baseline 0 -2"><span class='ocrx_word' id='word_1_223' title='bbox 240 3893 332 3955; x_wconf 86' lang='lat' dir='ltr'>miter</span> <span class='ocrx_word' id='word_1_224' title='bbox 353 3892 504 3956; x_wconf 80' lang='lat' dir='ltr'>haereat?</span> 
     </span>
    </p>

    <p class='ocr_par' dir='ltr' id='par_1_9' title="bbox 239 4001 1355 4436">
     <span class='ocr_line' id='line_1_29' title="bbox 282 4001 1353 4087; baseline -0.005 -19"><span class='ocrx_word' id='word_1_225' title='bbox 282 4005 341 4086; x_wconf 82' lang='lat' dir='ltr'>III,</span> <span class='ocrx_word' id='word_1_226' title='bbox 365 4007 393 4086; x_wconf 87' lang='lat'>1,</span> <span class='ocrx_word' id='word_1_227' title='bbox 418 4006 458 4067; x_wconf 86' lang='grc'>16</span> <span class='ocrx_word' id='word_1_228' title='bbox 486 4004 584 4084; x_wconf 86' lang='lat' dir='ltr'>„Non</span> <span class='ocrx_word' id='word_1_229' title='bbox 608 4004 700 4069; x_wconf 87' lang='lat' dir='ltr'>ante&#39;’</span> <span class='ocrx_word' id='word_1_230' title='bbox 724 4003 906 4087; x_wconf 91' lang='lat' dir='ltr'>Xenophon</span> <span class='ocrx_word' id='word_1_231' title='bbox 931 4006 974 4066; x_wconf 87' lang='lat' dir='ltr'>ait</span> <span class='ocrx_word' id='word_1_232' title='bbox 998 4003 1129 4083; x_wconf 82' lang='lat' dir='ltr'>„hostes</span> <span class='ocrx_word' id='word_1_233' title='bbox 1150 4001 1224 4065; x_wconf 91' lang='lat' dir='ltr'>belli</span> <span class='ocrx_word' id='word_1_234' title='bbox 1244 4005 1353 4064; x_wconf 88' lang='lat' dir='ltr'>contra</span> 
     </span>
     <span class='ocr_line' id='line_1_30' title="bbox 239 4115 1354 4202; baseline -0.004 -22"><span class='ocrx_word' id='word_1_235' title='bbox 239 4139 297 4183; x_wconf 88' lang='lat' dir='ltr'>nos</span> <span class='ocrx_word' id='word_1_236' title='bbox 327 4120 453 4183; x_wconf 88' lang='lat' dir='ltr'>initium</span> <span class='ocrx_word' id='word_1_237' title='bbox 482 4118 634 4200; x_wconf 81' lang='lat' dir='ltr'>fecerunt,</span> <span class='ocrx_word' id='word_1_238' title='bbox 659 4139 755 4202; x_wconf 90' lang='lat' dir='ltr'>quam</span> <span class='ocrx_word' id='word_1_239' title='bbox 779 4124 928 4202; x_wconf 89' lang='lat' dir='ltr'>putarent</span> <span class='ocrx_word' id='word_1_240' title='bbox 950 4119 1048 4185; x_wconf 67' lang='lat' dir='ltr'>canda</span> <span class='ocrx_word' id='word_1_241' title='bbox 1071 4115 1111 4177; x_wconf 85' lang='grc' dir='ltr'>τόι</span> <span class='ocrx_word' id='word_1_242' title='bbox 1135 4115 1243 4178; x_wconf 81' lang='grc' dir='ltr'><em>ἑοιντῶν</em></span> <span class='ocrx_word' id='word_1_243' title='bbox 1266 4136 1354 4192; x_wconf 84' lang='grc' dir='ltr'><em>πορε-</em></span> 
     </span>
     <span class='ocr_line' id='line_1_31' title="bbox 240 4229 1355 4312; baseline 0 -18"><span class='ocrx_word' id='word_1_244' title='bbox 240 4229 427 4296; x_wconf 84' lang='grc' dir='ltr'><em>σκενοίτόιιι.”</em></span> <span class='ocrx_word' id='word_1_245' title='bbox 451 4233 552 4297; x_wconf 90' lang='lat' dir='ltr'>Nemo</span> <span class='ocrx_word' id='word_1_246' title='bbox 576 4253 639 4296; x_wconf 91' lang='lat' dir='ltr'>non</span> <span class='ocrx_word' id='word_1_247' title='bbox 664 4233 759 4312; x_wconf 78' lang='lat' dir='ltr'>videt,</span> <span class='ocrx_word' id='word_1_248' title='bbox 780 4231 908 4311; x_wconf 65' lang='lat' dir='ltr'>perfecti</span> <span class='ocrx_word' id='word_1_249' title='bbox 925 4230 1083 4293; x_wconf 89' lang='lat' dir='ltr'>infinitivo</span> <span class='ocrx_word' id='word_1_250' title='bbox 1104 4229 1155 4291; x_wconf 91' lang='lat' dir='ltr'>hic</span> <span class='ocrx_word' id='word_1_251' title='bbox 1175 4248 1254 4312; x_wconf 89' lang='lat' dir='ltr'>opus</span> <span class='ocrx_word' id='word_1_252' title='bbox 1276 4249 1355 4312; x_wconf 83' lang='lat' dir='ltr'>esse,</span> 
     </span>
     <span class='ocr_line' id='line_1_32' title="bbox 239 4346 1353 4436; baseline -0.003 -24"><span class='ocrx_word' id='word_1_253' title='bbox 239 4365 372 4430; x_wconf 85' lang='lat' dir='ltr'>eamque</span> <span class='ocrx_word' id='word_1_254' title='bbox 393 4346 536 4428; x_wconf 88' lang='lat' dir='ltr'>formam,</span> <span class='ocrx_word' id='word_1_255' title='bbox 561 4366 642 4436; x_wconf 78' lang='lat' dir='ltr'>quae</span> <span class='ocrx_word' id='word_1_256' title='bbox 666 4349 700 4416; x_wconf 83' lang='lat' dir='ltr'>in</span> <span class='ocrx_word' id='word_1_257' title='bbox 724 4346 813 4410; x_wconf 88' lang='lat' dir='ltr'>libris</span> <span class='ocrx_word' id='word_1_258' title='bbox 837 4346 1062 4428; x_wconf 86' lang='lat' dir='ltr'>manuscriptis</span> <span class='ocrx_word' id='word_1_259' title='bbox 1086 4351 1150 4409; x_wconf 92' lang='lat' dir='ltr'>tam</span> <span class='ocrx_word' id='word_1_260' title='bbox 1174 4362 1266 4428; x_wconf 83' lang='lat' dir='ltr'>saepe</span> <span class='ocrx_word' id='word_1_261' title='bbox 1285 4363 1353 4410; x_wconf 91' lang='lat' dir='ltr'>cor·</span> 
     </span>
    </p>
   </div>
   <div class='ocr_carea' id='block_1_6' title="bbox 0 0 1693 5268">
    <p class='ocr_par' dir='ltr' id='par_1_10' title="bbox 0 0 1693 5268">
     <span class='ocr_line' id='line_1_33' title="bbox 0 0 1693 5268; baseline 0 0"><span class='ocrx_word' id='word_1_262' title='bbox 0 0 1693 5268; x_wconf 95' lang='lat' dir='ltr'> </span> 
     </span>
    </p>
   </div>
  </div>
 </body>
</html>
