3348 5262
863 617 927 683 272

330 805 495 892 signffioet‚
526 803 614 888 quod
643 802 742 868 verba
777 821 820 867 ex
842 801 992 886 Agesilao
1016 802 1119 884 citata,
1142 801 1303 885 eleganter
1326 803 1357 864 et
1380 819 1462 884 pure

330 922 532 986 enuntiatum
558 923 614 982 eet.

375 1032 544 1098 Accedunt
574 1031 662 1094 hisee
685 1029 782 1093 verba
804 1027 1046 1112 locutionesque
1069 1027 1226 1111 quaedam
1248 1027 1460 1090 insolentiora

331 1151 388 1212 aut
411 1148 580 1230 suspecta:

462 1257 487 1340 I,
522 1258 552 1340 6,
586 1254 788 1334 ὂέτοτνχώνε
813 1256 914 1320 multo
938 1255 1139 1340 frequentino
1159 1255 1243 1339 apud
1264 1256 1389 1318 Atticos
1410 1257 1461 1318 est

587 1369 725 1453 simplex
749 1367 762 1431 l
786 1366 897 1447 τυχών.

461 1484 487 1568 Ι,
512 1484 562 1568 18,
585 1482 765 1562 οὶντίτροοκοο.
803 1483 978 1564 „vilissimo
1013 1481 1137 1566 pretio'’
1173 1481 1212 1564 (ei
1243 1485 1329 1546 reete
1361 1480 1462 1546 verba

586 1595 813 1662 obscurissima
836 1596 1004 1680 intelligo).

461 1711 487 1795 I,
511 1712 563 1794 24,
586 1707 801 1790 Φροννρμοοτίοος.

445 1824 488 1907 Π,
513 1824 565 1908 19,
587 1821 747 1906 τοοοονδίμ

447 1937 490 2022 Π,
514 1938 566 2020 27,
588 1934 757 2016 ντροοτομνονὶ.

447 2051 490 2134 Π,
514 2050 567 2133 31,
590 2050 691 2127 μισθὸν
714 2047 795 2114 λύσει
819 2051 848 2132 (,
860 2050 1057 2134 stipendium
1084 2050 1228 2134 solvet”).

426 2163 486 2247 III,
524 2164 552 2246 l,
586 2161 704 2227 aduror
737 2165 793 2227 τῶν
828 2165 925 2226 κοολῶν
959 2160 1028 2243 ἤροο
1060 2161 1111 2227 aul
1142 2161 1244 2227 actoru
1272 2161 1313 2226 τοὶ
1344 2161 1461 2242 οοὶοχροὶ

592 2272 780 2349 ἐξεδίωκε.
813 2274 954 2340 Omnino
984 2277 1132 2340 laudator
1159 2276 1257 2342 verbo
1283 2277 1347 2355 ε’ροῖν
1370 2276 1463 2360 inep-

591 2395 661 2453 tum
684 2392 719 2454 in
742 2390 873 2454 modum
899 2389 1049 2454 abutitur.

423 2503 497 2586 VII,
532 2505 562 2586 2,
592 2500 719 2582 λατρεύω
739 2502 836 2586 (quod
857 2502 991 2567 verbum
1005 2504 1239 2568 eemeltantum
1253 2503 1337 2588 apud
1350 2502 1463 2568 Xeno-

592 2617 753 2701 phontem,
775 2618 808 2680 in
842 2616 1047 2702 Cyropaedia,
1068 2618 1194 2702 legitur,
1218 2619 1274 2683 sed
1297 2617 1342 2681 ibi
1368 2637 1463 2700 „eer-

588 2729 716 2794 viendi”
741 2731 858 2811 sensu).

404 2843 494 2926 VIII,
529 2845 559 2925 2,
589 2839 695 2915 lurotu
715 2842 746 2906 δὲ
764 2841 800 2906 ὢν
820 2836 872 2915 οἶος
885 2852 1111 2925 μεγαληγορεῖν.
1127 2844 1354 2928 (ReriSSImum
1368 2845 1454 2909 enim

587 2963 636 3022 est
652 2957 738 3042 apud
750 2957 997 3042 Xenophontem
1010 2951 1063 3030 οἷος
1076 2978 1149 3022 oum
1163 2958 1333 3042 infinitivo,
1346 2977 1460 3042 quam-

590 3092 686 3155 quam
709 3071 893 3156 frequenter
915 3092 952 3137 ea
972 3074 1135 3137 locutione
1157 3077 1305 3157 potuerat
1330 3072 1395 3154 uti).

404 3184 495 3268 VIII,
532 3187 561 3268 3,
591 3182 632 3248 ὅτι
655 3182 742 3265 Φίλος
765 3183 839 3248 οὶνοὶ
862 3182 1003 3265 κροέτος
1026 3186 1105 3265 οούτῷ
1130 3182 1229 3249 ἔσοιτο.

404 3297 495 3382 VIII,
531 3299 560 3381 5,
590 3299 642 3361 οὐκ
675 3299 815 3378 inparata
854 3337 895 3346 —
930 3299 1072 3373 ἐθελῆτονν.
1105 3299 1187 3380 (Ηοο
1219 3318 1334 3364 sensu:
1370 3299 1462 3362 nulla

589 3413 712 3477 ratione
735 3412 849 3476 adduci
872 3417 994 3497 poterat
1017 3451 1059 3460 —
1083 3417 1121 3478 ut
1143 3413 1259 3493 vellet).

430 3523 491 3608 IX,
528 3525 555 3608 I,
590 3522 777 3596 ὑπεστήσατο
801 3524 849 3588 τὸν
872 3522 973 3605 τρόπον
995 3533 1031 3606 τῇ
1055 3528 1170 3606 Περσῶν
1192 3523 1359 3607 οὶλοοζονείρο.

430 3637 490 3720 XI,
526 3639 555 3720 2,
590 3635 691 3713 ὑμνεῖν
718 3637 968 3720 „praedicandi”
994 3658 1101 3704 sensu.

431 3750 491 3834 XI,
516 3751 567 3834 14,
590 3748 729 3829 μεγοέλνρν
751 3748 803 3815 aul
826 3749 921 3823 κοολίρν
944 3750 1096 3832 ἐφιέμενος
1121 3748 1216 3826 δόξαν.

376 3865 491 3949 Neque
521 3865 714 3930 omittendae
745 3870 822 3929 sunt
853 3867 1036 3948 sententiae,
1061 3866 1119 3930 ubi
1140 3869 1270 3950 propter
1293 3865 1457 3930 scribendi

331 3979 522 4061 imperitiam
542 3983 608 4042 tam
627 3980 734 4062 inepto
745 3979 892 4043 laudator
904 3998 1049 4044 sermone
1061 3981 1171 4061 utitur,
1185 3985 1221 4043 ut
1234 3980 1312 4063 quid
1324 3979 1453 4044 tandem

331 4091 408 4154 velit
430 4092 487 4153 vix
507 4091 652 4155 diviuare
671 4093 783 4175 possis.
796 4092 920 4156 Harum
934 4112 1064 4177 quoque
1074 4113 1177 4176 puuoe
1189 4092 1270 4156 dabo
1283 4093 1432 4177 exempla
1448 4114 1454 4156 :

467 4204 492 4288 I,
527 4207 557 4288 2,
590 4201 632 4267 ἔτι
655 4202 708 4270 aul
731 4209 780 4269 νῦν
798 4212 860 4277 τοῖς
879 4204 1024 4287 προγόνοις
1042 4203 1263 4285 ὀνομαζομένοις
1274 4205 1453 4282 οὶτομννρμο-

590 4315 702 4382 νεύετοοο
724 4317 844 4392 ὁπόστος
868 4320 927 4401 ἀφ’
952 4317 1129 4400 Ἡρονκλὲονς
1144 4318 1278 4398 γέγονεν.
