3348 5262
796 601 861 663 269

258 773 497 861 Λακεδαιμονίων
530 784 571 864 τῷ
595 783 687 848 ταντί
707 785 741 848 id
764 790 827 850 est:
855 786 1005 850 omnibus
1029 785 1261 871 Spartanorum
1286 791 1387 874 copiis

257 901 431 981 rogatque:
471 946 485 979 „
498 917 619 961 numne
653 900 748 981 pauci
781 899 836 961 isti
870 901 1005 963 trecenti
1036 919 1110 962 cum
1135 901 1298 984 equitibus
1317 903 1389 966 istis

261 1013 428 1095 perpaucis
450 1012 540 1076 fuere
562 1010 802 1089 Λακεδαιμονίων
825 1011 858 1075 ‘rh
878 1011 984 1078 τιῖν”ἳ
1008 1012 1111 1089 Quam
1133 1015 1388 1080 observationem

257 1127 434 1190 rectissime
465 1126 580 1190 refellit
612 1125 763 1190 Sachsius
791 1126 943 1190 dicendo:
969 1127 1038 1206 ,τῷ
1062 1126 1156 1190 ταντί
1177 1133 1226 1192 est
1246 1149 1388 1212 μνονειιε,

260 1240 415 1303 omniao'’.

301 1352 375 1436 VH,
400 1354 427 1415 l.
451 1349 520 1415 daco
545 1350 613 1432 ᾤετο
636 1350 690 1424 την
712 1351 845 1434 πατρίδα
869 1375 897 1416 σι
921 1351 1083 1433 ὠφελήσειν
1106 1354 1137 1418 οὔ
1161 1353 1253 1418 τίνων
1274 1355 1386 1435 ὑφίετο,

256 1467 287 1530 οὐ
311 1465 444 1530 κινδύνων
467 1465 632 1546 οίφίστατο,
657 1466 688 1529 οὐ
712 1463 878 1545 χρημάτων
902 1467 1047 1548 ἐφείδετο,
1073 1469 1103 1531 οὐ
1123 1471 1221 1546 σῶμα,
1242 1471 1273 1532 οὐ
1293 1477 1387 1550 γῆρας

256 1577 474 1660 προύφασίζετο
498 1579 559 1643 κτὲ.
584 1580 616 1643 Α
638 1579 854 1663 Xenophonte
877 1581 955 1644 haec
979 1584 1096 1666 scripta
1120 1602 1185 1647 non
1205 1603 1276 1648 esse
1295 1587 1385 1668 equi-

256 1694 329 1758 dem
361 1693 471 1757 cada'ri
492 1713 586 1772 posse
612 1694 779 1776 contend0,
804 1694 860 1758 sed
883 1714 1053 1778 nunquam
1079 1695 1172 1760 ideo
1196 1703 1383 1780 argumento

257 1808 468 1871 demonstrari
502 1806 686 1890 concedam,
721 1827 785 1891 quo
818 1807 975 1892 Hagenus
1006 1829 1087 1874 usus
1120 1815 1176 1874 est.
1207 1809 1266 1874 Ille
1297 1812 1383 1875 enim

256 1920 420 1984 contendit
451 1920 585 1984 adversa
615 1919 720 1983 fronte
751 1921 829 1983 haec
855 1939 1036 2004 repugnare
1058 1923 1108 2004 iis,
1133 1942 1215 2006 quae
1238 1923 1321 1986 Hell.
1345 1923 1385 2006 V,

255 2034 285 2114 4,
318 2034 358 2096 13
390 2033 537 2116 legimus,
569 2032 625 2096 uhi
654 2033 826 2116 Agesilaus
853 2035 976 2098 dicitur
1002 2035 1147 2100 noluisse
1171 2036 1384 2120 expeditionis

254 2151 364 2210 contra
398 2145 564 2210 Thebanos
599 2147 769 2229 imperium
805 2148 839 2208 in
877 2165 911 2210 se
942 2149 1083 2230 recipere
1114 2146 1208 2224 λέγων
1239 2145 1282 2210 ίτι
1314 2147 1383 2228 ὑπὲρ

253 2257 472 2340 τετταμοίκοντα
508 2259 566 2339 αφ’
605 2256 683 2336 ἥβης
717 2256 769 2331 είη.
801 2259 864 2324 Sed
895 2262 1062 2325 verissime
1093 2260 1244 2326 Sachsius
1274 2264 1382 2346 ipsum

253 2370 381 2456 Hageni
413 2377 639 2456 argumentum
668 2393 814 2456 pugnare
842 2375 1007 2438 contendit
1029 2394 1102 2438 cum
1126 2376 1166 2439 iis
1191 2394 1274 2458 quae
1297 2376 1383 2459 apud

253 2483 501 2570 Xenophontem
525 2492 723 2571 sequuntur:
748 2487 780 2550 οὐ
804 2485 903 2564 με’ντοι
923 2486 1025 2551 τούτου
1042 2512 1079 2565 γε
1096 2484 1182 2552 ἕνεκα
1201 2486 1382 2566 κατέμεινεν,

252 2600 323 2662 αλλ’
347 2593 379 2662 εὖ
401 2601 481 2672 εἰδὼς
506 2597 548 2663 ὅτι
571 2601 595 2662 εί
615 2599 802 2680 στρατηγοίη,
823 2596 929 2674 λέξοιεν
951 2601 975 2664 οἱ
994 2607 1115 2664 πολῖται
1134 2602 1170 2672 ὡς
1183 2599 1381 2678 Ἀγησίλαος,

252 2709 327 2783 ὅπως
362 2712 512 2790 βοηίιίσειε
544 2719 606 2785 τοῖς
638 2712 791 2793 σνροίννοις,
824 2712 996 2794 τροίγματα
1026 2721 1063 2794 τῇ
1087 2711 1169 2776 πόλει
1192 2712 1325 2794 παρέχοι.
1350 2714 1378 2777 Ε

252 2826 370 2909 quibus
406 2832 543 2911 apparet,
578 2835 614 2890 ut
648 2829 768 2912 opinor,
803 2827 989 2911 Agesilaum
1027 2847 1093 2890 non
1124 2827 1253 2890 militiae
1283 2847 1381 2891 onera

251 2939 467 3003 detrectaaisse
490 2944 624 3004 aetatem
648 2940 832 3004 excusando
858 2941 928 3022 (hoc
952 2941 1038 3004 enim
1062 2941 1090 3003 si
1112 2940 1240 3005 fecisset
1263 2943 1378 3005 menti·

250 3057 340 3116 retur
368 3053 514 3117 laudator
546 3054 698 3117 dicendo:
731 3053 762 3115 οὐ
793 3059 886 3130 γῆρας
915 3051 1155 3138 προύφασίζετο),
1180 3055 1236 3118 sed
1260 3054 1380 3118 famam

251 3167 412 3248 quandam
435 3167 537 3230 vitare
561 3172 712 3230 conatum
737 3185 814 3230 esse.

294 3279 351 3362 VI,
375 3282 403 3343 8.
430 3277 592 3357 ἄμεμπτος
614 3279 645 3343 δὲ
669 3279 723 3343 ὑπὸ
747 3282 802 3342 τῶν
826 3278 921 3360 φίλων
950 3278 1161 3366 (διετέλεσεν).
1186 3280 1277 3346 Haec
1300 3282 1377 3344 scri·

250 3393 325 3458 bere
354 3413 420 3456 non
450 3396 594 3478 potuisse
623 3392 872 3478 Xenophontem
905 3395 1069 3458 contendit
1096 3394 1261 3479 Hagenus.
1288 3393 1380 3476 „Qui

249 3506 357 3570 enim”
381 3509 425 3570 ait
450 3508 648 3591 „Agesilaus
670 3504 832 3585 οίμεμττος
856 3507 910 3571 ὑιιδ
934 3505 1108 3588 τῶνφίλων
1132 3509 1194 3571 dici
1213 3512 1318 3593 potest
1338 3507 1377 3571 ab

249 3639 295 3697 ec,
327 3621 383 3704 qui
414 3622 556 3685 narravit
580 3641 677 3704 quam
699 3622 845 3705 ingratus
869 3621 966 3685 fuerit
989 3641 1064 3705 erga
1086 3620 1299 3703 Lysandrum,
1323 3621 1377 3685 cui

248 3753 383 3818 regnum
407 3739 573 3818 acceptum
598 3733 782 3798 referebat''.
801 3734 947 3799 Profecto
967 3740 1114 3798 nostrum
1135 3754 1230 3798 nemo
1251 3733 1378 3818 putabit

247 3850 435 3932 Agesilaum
470 3849 551 3914 bene
585 3849 733 3913 functum
767 3868 837 3914 esse
872 3849 1029 3913 amicitiae
1065 3868 1139 3932 erga
1169 3847 1374 3929 Lysandrum

248 3961 368 4042 officio;
402 3963 457 4025 sed
489 3982 567 4026 num
597 3961 780 4046 Xenophon
813 3982 944 4046 quoque
972 3981 1009 4026 eo
1033 3963 1163 4026 nomine
1185 3960 1375 4045 Agesilaum

244 4075 481 4158 reprehenderit
501 4075 651 4139 dubitari
680 4080 791 4159 potest.
823 4075 993 4139 Eiusmodi
1024 4077 1110 4140 enim
1135 4077 1205 4140 eius
1229 4076 1370 4138 narratio

246 4194 293 4252 est
318 4188 387 4272 (HI,
411 4191 441 4273 4,
465 4190 585 4273 7-10)
610 4194 647 4254 ut
670 4191 748 4254 satis
772 4195 921 4273 appareat
940 4191 1086 4274 scriptori
1107 4207 1237 4272 quoque
1256 4188 1374 4253 intole-

244 4302 378 4367 rabilem
396 4306 499 4368 visam
517 4323 587 4368 esse
607 4303 765 4386 Lysandri
784 4305 1010 4387 arrogantiam,
1030 4303 1284 4388 Agesilaumque
1296 4321 1373 4369 eum
