3348 5262
748 613 812 675 209

222 795 351 874 περιττόν
381 794 466 861 τόνιν
493 799 810 882 interpretamentum
836 803 884 862 est
907 797 1076 862 verborum
1100 793 1136 860 ὧν
1160 798 1239 863 οὐδὲν
1262 822 1346 879 τριτ-

223 910 346 983 δέονται,
381 916 534 995 totusque
564 912 664 994 locus,
694 913 886 995 transposito
910 912 1053 995 μιχθῶσι,
1075 913 1120 976 ἰῖθ
1141 913 1347 996 refingendus

223 1029 288 1088 est:
317 1019 366 1086 ἵνα
390 1022 468 1100 μήτε
490 1023 513 1086 al
536 1023 679 1096 ἄλθῶντες
704 1023 782 1101 μήτε
804 1023 828 1087 οἱ
849 1026 1012 1101 λικμῶντες
1034 1025 1185 1103 μιχθῶσιν
1208 1020 1243 1088 ὧν
1267 1025 1346 1089 οὐδὲν

221 1133 412 1216 τρνςδὲονται.

265 1249 391 1331 XVIII,
416 1251 444 1313 5.
466 1248 571 1335 Rogat
593 1250 840 1314 Ischomachus:
865 1247 941 1322 ὅπως
965 1250 1050 1314 δὲτὸ
1075 1249 1207 1328 δεόμενον
1227 1251 1347 1330 adducor!

222 1365 275 1439 (sc.
300 1363 390 1441 muli)
417 1359 470 1426 καὶ
493 1360 663 1440 ὃμαλιεῖται
687 1362 700 1426 ὃ
723 1359 857 1436 alnaria,
881 1362 935 1427 τίνι
958 1366 1058 1438 ταῦτα
1082 1363 1146 1428 Hic
1169 1370 1253 1429 certe
1276 1385 1345 1429 ver-

222 1476 301 1540 bum
343 1476 474 1560 aliquod
509 1477 637 1559 excidit,
673 1478 740 1540 sire
774 1472 942 1557 τριςτιῖξεις
978 1478 1045 1542 sive
1080 1478 1167 1541 aliud
1204 1478 1346 1542 eiusdem

223 1589 359 1674 generis

267 1703 391 1786 XVIII,
413 1706 440 1768 9.
460 1703 605 1768 Socrates
626 1710 787 1788 expertus,
807 1724 841 1769 se
858 1703 947 1768 nullo
968 1705 1119 1789 magistro
1132 1725 1228 1770 usum
1241 1710 1347 1769 tamen

223 1818 453 1901 agriculturam
494 1817 616 1894 callere,
649 1819 727 1882 haec
770 1818 863 1881 dicit:
899 1815 952 1881 καὶ
987 1814 1085 1880 παλαι
1119 1818 1200 1881 ἐννοῶ
1234 1817 1258 1881 εῖ
1291 1815 1349 1898 ἄρα

223 1929 334 2005 λέληθα
364 1929 417 1994 καῖ
451 1936 627 2010 χρυσιχοεῖν
657 1928 708 1993 καὶ
739 1931 843 1994 αὐλεῖν
873 1928 925 1994 καὶ
949 1929 1119 2010 ζωγραφεῖν
1142 1929 1349 2008 ἐπισταμενοι·

223 2039 344 2117 ἐδίδαξε
384 2042 442 2120 γαρ
483 2041 548 2106 οὔτε
588 2042 688 2107 ταῦτα’
729 2068 770 2121 με
804 2041 895 2116 οὐδεὶς
928 2042 993 2107 οὔτε
1027 2050 1173 2124 γεωργεῖν.
1214 2045 1350 2130 Ineptis·

225 2159 305 2222 simo
339 2159 620 2242 interpretamento
653 2157 705 2220 hic
734 2157 825 2221 locus
857 2157 1053 2221 deformatus
1084 2164 1139 2222 θεῖ.
1161 2157 1347 2242 Legendum

224 2273 309 2335 enim
341 2276 405 2336 est:
437 2266 556 2344 ἐδίδαξε
579 2268 636 2350 γὰρ
659 2269 745 2334 οὐδὲ
768 2267 868 2333 ταῦτα
891 2294 930 2346 με
955 2270 1054 2343 οὐδείς,
1079 2277 1110 2335 θῖ
1132 2271 1347 2336 obiiciendum

224 2382 289 2449 οὔτε
311 2390 459 2466 γεωργεῖν.

268 2498 392 2581 XVIH,
417 2500 467 2562 10.
495 2547 510 2581 „
521 2497 636 2564 Nonne
660 2497 824 2562 dicebam”
847 2497 1076 2562 Ischomachus
1095 2504 1186 2583 rogat
1210 2496 1278 2581 „dre
1297 2497 1350 2563 καὶ

224 2610 319 2692 ταύτρ
351 2609 540 2689 γενναιοτάτη
571 2609 611 2685 εἴν
644 2610 660 2682 ἦ
690 2612 833 2690 γεωργικὴ
865 2609 958 2689 τέχνη
983 2608 1025 2674 ὅτι
1049 2610 1101 2675 καὶ
1125 2611 1216 2695 ῥρῖττιρ
1243 2614 1348 2690 μαθεῖν

224 2723 289 2789 ἐστι’
294 2725 325 2799 ;''
355 2726 563 2810 Agricultura
585 2743 622 2789 ao
640 2743 767 2817 ¹quoquc
789 2726 919 2788 nomina
942 2725 1038 2790 laude
1061 2725 1158 2810 digna
1182 2731 1238 2809 est,
1262 2727 1350 2811 quod

224 2839 265 2903 ad
296 2839 486 2903 discendum
518 2843 566 2902 est
594 2837 754 2902 facillima
786 2836 929 2903 Delenda
958 2840 1057 2923 igitur
1080 2841 1139 2903 erit
1162 2842 1346 2905 coniunctio

226 2951 285 3023 ιἰαῖ,
310 2971 392 3035 quaa
414 2971 503 3015 nuno
525 2953 559 3015 ln
583 2950 777 3015 editionibus
801 2955 875 3015 ante
896 2949 988 3033 ῥρῖττν
1012 2952 1138 3035 legitur.

272 3064 373 3150 Caput
403 3064 497 3148 XIX,
527 3066 556 3127 4.
587 3065 626 3128 In
653 3064 803 3128 arborum
826 3065 944 3148 plantis
968 3065 1111 3130 serendis
1134 3065 1246 3130 scrobe
1269 3085 1350 3150 opus

226 3185 274 3244 θεῖ
296 3199 362 3243 non
387 3180 540 3244 altissima
566 3178 706 3262 quidem,
727 3178 782 3242 sed
802 3183 909 3242 tamar
930 3178 1109 3241 cavendum
1122 3183 1170 3242 θεῖ
1182 3197 1222 3244 ne
1234 3200 1347 3264 parum

226 3293 290 3357 alta
317 3293 392 3374 fiat3
424 3293 569 3376 alioquin
601 3293 686 3356 enim
715 3287 890 3371 ἕξορύττειτι
915 3287 951 3354 dv
975 3288 1172 3368 σκαττόμενα
1193 3290 1233 3354 τὰ
1254 3290 1350 3372 φντνῖ.

157 3391 168 3410 ’
227 3406 316 3471 Nihil
350 3413 407 3491 ast,
441 3408 563 3492 opinor,
599 3405 683 3490 quod
720 3424 783 3468 non
819 3404 965 3485 fodiendo
999 3406 1100 3489 possit
1134 3401 1350 3485 ἐξορύττεσθαι

226 3521 374 3605 ingentes
397 3523 483 3585 enim
506 3519 645 3602 arbores,
671 3538 753 3602 quaa
776 3518 932 3587 altissime
955 3518 1077 3583 radices
1102 3525 1236 3604 egerunt
1259 3540 1352 3604 saepe

229 3634 357 3698 effossas
380 3634 530 3698 vidimus.
555 3633 669 3718 Neque
693 3633 865 3716 quisquam
889 3636 953 3695 tam
978 3635 1026 3696 θεῖ
1044 3633 1241 3716 imprudens,
1261 3638 1298 3696 ut
1317 3635 1352 3696 in

228 3766 304 3831 agro
327 3746 496 3811 arboribus
519 3748 641 3810 consito
662 3745 769 3826 fodere
792 3765 858 3808 non
881 3751 1037 3810 vereatur.
1061 3744 1123 3809 Sed
1146 3745 1257 3809 nullus
1276 3765 1351 3829 ager

229 3866 285 3943 est,
319 3880 337 3925 θ
368 3880 432 3944 quo
463 3879 528 3923 non
559 3860 687 3943 saepius
721 3860 946 3942 exedrpandae
978 3860 1042 3922 sint
1072 3859 1188 3924 herbae
1211 3859 1352 3942 mutilae,

228 3975 326 4058 idque
357 3994 423 4038 non
453 3972 601 4037 fodiendo
634 3971 670 4036 fit
693 3972 749 4036 scd
771 3971 945 4055 sarriendo,
968 3976 1064 4054 atque
1087 3989 1124 4034 ea
1147 3991 1276 4055 quoque
1299 3991 1351 4036 res

227 4088 357 4153 funesta
391 4106 460 4152 esse
490 4091 594 4170 potest
622 4087 749 4170 plantio,
776 4104 858 4168 quae
882 4104 947 4148 non
972 4087 1049 4148 satis
1072 4084 1134 4149 alte
1158 4090 1244 4148 satae
1266 4091 1355 4149 sunt.

229 4202 351 4268 Sarrire
382 4207 489 4266 autem
513 4220 538 4265 c.
561 4199 672 4282 XVII,
697 4200 737 4261 12
750 4219 819 4282 sqq.
841 4197 1020 4282 appeHatur
1041 4195 1187 4274 ἐμβαλεῖν
1210 4197 1351 4271 σκαιέας,

228 4317 283 4382 sed
305 4323 355 4381 θεῖ
376 4333 505 4399 quoque
528 4314 662 4378 verbum
687 4309 838 4382 σκιῖιιιιειν,
862 4312 961 4394 idque
984 4331 1051 4375 non
1074 4312 1179 4375 solum
1202 4313 1350 4377 hocloco

1222 4422 1258 4473 m
