3348 5262
863 611 928 678 216

332 803 476 868 Socrates
506 805 645 887 graviter
674 803 840 866 invehitur
861 804 897 864 in
919 801 1123 883 Pausaniam,
1147 801 1233 884 quod
1255 820 1376 884 eorum,
1400 804 1458 885 qui

331 918 366 980 in
399 918 586 1000 intemperie
615 915 711 980 simul
742 915 935 996 volutentur,
958 933 1089 979 oausam
1113 913 1296 997 defenderit,
1320 914 1456 980 dicendo

330 1030 539 1094 fortissimum
562 1029 631 1093 fore
654 1030 842 1111 exercitum,
865 1029 922 1113 qui
934 1047 975 1092 ex
995 1027 1190 1092 amatoribus
1202 1033 1234 1092 et
1246 1030 1359 1094 amatis
1371 1034 1458 1122 esset

332 1144 537 1225 compositus,
572 1142 796 1225 afferendoqne
826 1141 1032 1206 Boeotiorum
1056 1140 1274 1225 Eleorumque
1297 1142 1456 1226 exemplo.

240 1257 245 1266 “
375 1254 433 1318 ΙΠ.
457 1255 555 1339 Apud
577 1254 826 1339 Xenophontem
849 1254 995 1318 Socrates
1020 1255 1112 1318 docet
1130 1254 1288 1318 Achillem
1307 1253 1457 1319 Homeri-

331 1387 406 1432 cum
440 1367 580 1432 Patrocli
614 1374 748 1432 mortem
782 1387 849 1431 non
883 1372 1048 1450 tamquam
1083 1369 1180 1431 amati
1210 1367 1266 1431 sed
1289 1371 1456 1450 tamquam

332 1482 425 1545 amici
465 1482 571 1545 ultum
614 1500 702 1562 esse3
739 1480 796 1544 sed
829 1481 865 1543 in
898 1479 1063 1544 Platonico
1098 1478 1252 1543 Convicio
1288 1479 1457 1544 Phaedrus

330 1593 528 1675 Aeschylum
565 1595 705 1677 exagitat
739 1611 879 1676 eumque
911 1593 1027 1675 nugari
1062 1592 1147 1674 dicit,
1178 1592 1264 1676 quod
1294 1592 1457 1657 Achillem

331 1706 469 1770 Patroch
491 1706 591 1770 fuisse
614 1710 787 1770 amatorem
809 1704 955 1769 finxerit:
980 1705 1081 1768 multo
1104 1707 1189 1769 enim
1210 1711 1242 1769 et
1261 1705 1331 1770 aliis
1350 1705 1457 1770 heroi·

332 1819 393 1884 bns
427 1825 458 1884 et
492 1821 561 1904 ipso
598 1819 743 1883 Patroclo
774 1818 874 1883 luisse
903 1818 1122 1883 formosiorem
1146 1818 1314 1900 Achillem,
1337 1807 1456 1883 deinde

330 1932 506 1997 imberbem
530 1935 625 1998 etiarn
649 1938 793 2016 natuque
815 1933 980 1996 minorem.

375 2047 431 2110 IV.
454 2047 552 2131 Apud
574 2046 740 2112 Platonem
764 2046 943 2111 Pausanias
967 2047 1044 2110 satis
1061 2047 1311 2129 longaoratione
1324 2045 1456 2111 demon-

331 2164 410 2223 strat
432 2161 512 2223 duas
536 2179 605 2224 esse
624 2160 767 2225 Veneres
788 2160 933 2243 duosque
944 2162 1098 2240 Amores;
1111 2158 1365 2243 Xenophonteus
1378 2179 1456 2225 vero

331 2272 476 2338 Socrates
509 2294 543 2339 se
574 2276 698 2339 nescire
721 2276 797 2339 dicit
821 2280 929 2340 utrum
956 2276 1038 2339 duae
1059 2275 1202 2339 Veneres
1225 2276 1290 2338 sint
1314 2295 1355 2338 an
1379 2296 1454 2340 una

374 2386 449 2450 Non
472 2392 578 2452 tamen
604 2389 796 2452 omittendae
820 2387 971 2452 Gornario
994 2393 1059 2453 tres
1079 2407 1130 2484 res
1148 2387 1284 2470 fuerant,
1297 2408 1379 2472 quae
1397 2395 1456 2454 aut

331 2501 460 2564 maioris
484 2503 579 2565 etiam
604 2503 759 2565 momenti
782 2508 867 2585 sunt,
890 2508 946 2567 aut
968 2507 1053 2567 certe
1075 2521 1142 2566 non
1164 2503 1315 2566 minoris:

374 2613 399 2676 l.
432 2615 531 2697 Apud
564 2614 731 2680 Platonem
767 2615 912 2680 Socrates
943 2616 1107 2680 inducitur
1137 2634 1179 2679 ex
1210 2617 1334 2700 ingenti
1356 2615 1452 2697 <brana

330 2729 366 2810 (c.
388 2727 551 2810 xxxix)
575 2749 632 2813 per
654 2734 753 2793 totam
776 2733 901 2794 noctem
923 2731 1040 2792 mirum
1065 2733 1222 2811 quantum
1242 2731 1310 2792 vini
1330 2729 1454 2814 bibens,

330 2861 435 2926 neque
477 2863 630 2926 magnum
671 2843 763 2906 illum
799 2845 937 2920 ψυκτῆρα
972 2841 1147 2906 Alcibiadis
1180 2843 1273 2906 iussu
1309 2842 1452 2907 oblatum

329 2964 485 3021 metuens.
517 2955 634 3020 Contra
664 2955 918 3038 Xenophonteus
941 2954 1087 3018 Socrates
1110 2956 1236 3019 minuta
1259 2961 1290 3021 et
1312 2958 1454 3020 rorantia

329 3069 445 3153 pocula
479 3070 671 3151 sapientium
706 3068 892 3131 convivium
924 3067 1027 3152 magis
1063 3067 1174 3132 decere
1204 3087 1301 3151 quam
1325 3071 1453 3152 capacia

330 3182 384 3246 illa
407 3182 552 3246 affirmat.
1272 3247 1274 3254 ,

374 3295 415 3358 ΙΙ.
439 3296 536 3379 Apud
560 3295 726 3359 Platonem
747 3314 806 3360 sex.
826 3295 866 3359 de
885 3295 1005 3358 Amore
1015 3294 1174 3359 habentur
1186 3297 1354 3377 crationes
1367 3295 1452 3379 apud

329 3407 576 3492 Xenophontem
618 3429 705 3473 unus
744 3408 888 3472 Socrates
922 3407 1075 3472 Amorem
1109 3408 1245 3472 laudans
1278 3408 1452 3490 inducitur,

330 3523 497 3606 primaque
521 3523 590 3586 eius
616 3521 710 3586 verba
734 3522 896 3586 simillima
919 3527 995 3585 sunt
1017 3522 1066 3604 iis,
1087 3540 1169 3604 quae
1188 3523 1274 3606 apud
1285 3521 1450 3586 Platonem

329 3635 474 3699 Phaedro
497 3635 692 3718 tribuuntur,
717 3641 754 3700 ut
776 3636 816 3699 ad
838 3640 941 3699 totum
962 3634 1043 3698 illud
1063 3635 1264 3718 eloquentiae
1283 3641 1451 3720 certamen,

330 3750 416 3834 quod
458 3752 492 3812 in
532 3751 711 3833 Agathonis
745 3751 893 3813 convivio
928 3748 1073 3814 habitum
1106 3754 1223 3834 narrat,
1257 3750 1452 3814 introductio

327 3867 456 3946 paretur
480 3863 519 3945 (p.
544 3862 605 3925 177
631 3860 751 3942 A-C).

370 3974 428 4038 IH.
462 3974 561 4058 Apud
596 3973 844 4059 Xenophontem
878 3973 1064 4038 Critobulus
1095 3995 1114 4038 a
1144 3974 1272 4039 Socrate
1301 3980 1449 4060 rogatus:

331 4107 435 4169 „num
458 4107 509 4151 me
531 4086 701 4151 formosior
725 4106 794 4152 esse
817 4087 875 4151 tibi
895 4086 1042 4170 videris‚’'
1064 4089 1250 4170 respondet:
1275 4087 1452 4171 „profect0‚

328 4203 363 4264 ni
385 4219 496 4282 essem,
520 4200 669 4264 omnibus
693 4219 795 4265 essem
820 4199 935 4264 Silonis
955 4199 1108 4283 turpior”‚
1128 4205 1159 4264 et
1178 4206 1250 4284 post
1267 4221 1369 4285 pauca
1381 4201 1450 4284 ipse

328 4311 484 4395 Socrates,
507 4311 631 4376 Silenos
654 4312 716 4376 sibi
741 4332 836 4396 quam
858 4311 1022 4376 Oritohulo
1042 4313 1212 4377 similiores
1231 4332 1301 4378 esse
1319 4319 1451 4378 conten-
