3352 5260
410 824 462 890 nai
482 826 550 906 πρὸς
569 826 658 895 ἐκεῖνο
678 822 799 902 βλέπων
817 821 869 888 καὶ
887 824 920 889 τὸ
940 822 1034 904 ἐκείνῳ
1053 820 1201 903 ξυμφέρον
1220 821 1271 888 καὶ
1291 821 1397 904 πρέπον

410 935 461 1002 καὶ
486 936 566 1016 λέγει
588 933 609 1002 οἳ
632 935 713 1015 λέγει
736 935 787 1000 καὶ
810 943 889 1001 πονεῖ
909 933 930 1000 οἳ
953 943 1031 1000 πονεῖ
1050 933 1182 1001 ἅπαντα.
1207 937 1269 1001 Vel
1290 939 1397 1021 potius

411 1057 497 1117 totus
520 1052 601 1117 fiber
622 1053 749 1136 primus
771 1051 805 1115 id
828 1051 1032 1116 demonstrat.

455 1165 596 1231 Summis
625 1165 777 1230 laudibus
808 1170 905 1249 caput
934 1164 985 1227 III
1016 1165 1150 1248 dignum
1182 1170 1239 1246 est,
1271 1165 1399 1248 quoad

410 1299 480 1344 eam
525 1281 744 1363 quaestionem
778 1278 997 1362 respondetur,
1032 1297 1095 1360 qua
1129 1277 1219 1341 nulla
1254 1298 1398 1361 unquam

410 1391 618 1477 Xenophonti
640 1393 742 1475 magis
765 1391 853 1455 cordi
875 1390 945 1472 fuit,
969 1391 1008 1455 de
1029 1410 1093 1474 qua
1112 1391 1230 1473 etipse
1249 1389 1278 1452 ἐν
1297 1388 1398 1468 μακρῷ

410 1503 465 1585 βίῳ
494 1503 603 1576 νύκτας
631 1502 826 1584 δοννρύπννπε
855 1510 887 1569 et
916 1504 1002 1569 haud
1035 1503 1133 1568 dubie
1164 1522 1238 1567 cum
1270 1501 1399 1567 Socrate

412 1621 539 1703 saepius
571 1619 748 1683 collocutus
780 1623 842 1683 est:
877 1639 968 1701 „qua
990 1619 1112 1682 ratione
1134 1617 1251 1700 aliquis
1276 1615 1400 1680 efficere

409 1737 522 1817 potest,
552 1738 589 1797 ut
620 1733 765 1797 hominos
797 1731 859 1796 sibi
890 1751 1016 1815 semper
1039 1733 1124 1795 dicto
1147 1731 1212 1795 sint
1234 1730 1400 1794 audientes

412 1865 536 1929 suaque
564 1847 698 1929 imperia
730 1843 946 1909 observent?’'
977 1845 1007 1926 (ξ
1032 1846 1052 1908 8
1076 1845 1164 1928 sqq.).
1188 1842 1302 1926 Neque
1324 1842 1402 1906 haec

412 1981 431 2024 a
454 1959 582 2025 Socrate
602 1959 705 2023 aliena
724 1963 817 2022 sunt:
840 1957 887 2021 δεῖ
903 1957 951 2020 τὸν
970 1953 1122 2037 ἵππαρχον
1141 1954 1209 2034 πρὸς
1229 1960 1288 2026 τοῖς
1300 1950 1401 2024 ἄλλοις

412 2072 613 2148 ἐπιμελεῖσθαι
643 2069 696 2135 καὶ
727 2075 778 2135 ποῦ
810 2069 906 2148 λέγειν
930 2068 1069 2134 δύνασθαι
1092 2071 1122 2152 (ἓ
1148 2069 1209 2149 li).
1233 2067 1401 2132 Commen-

413 2185 505 2250 dasse
539 2186 624 2249 enim
658 2183 819 2249 Socratem
852 2183 1010 2266 omnibus,
1042 2184 1098 2267 qui
1129 2183 1268 2266 ahquam
1301 2186 1400 2244 artem

412 2301 604 2379 exercerent,
627 2302 664 2361 ut
687 2303 718 2361 et
740 2298 822 2361 alius
845 2297 1012 2361 cuiusdam
1036 2297 1112 2360 artis
1136 2295 1231 2379 periti
1254 2293 1323 2358 fieri
1347 2313 1400 2357 co-

410 2416 573 2492 narentur,
603 2412 754 2474 novimus
777 2430 897 2493 omnes,
921 2412 977 2494 qui
1000 2410 1157 2474 Platonici
1180 2408 1327 2473 convivii
1351 2409 1401 2472 ui·

411 2525 490 2588 tima
512 2524 609 2589 verba
633 2524 785 2588 memoria
807 2529 962 2589 tenemus.

455 2637 609 2703 Eiusdem
640 2641 777 2723 generis,
806 2658 913 2722 neque
943 2641 1036 2703 tertio
1065 2637 1200 2702 inferius
1231 2641 1278 2701 est
1305 2641 1402 2720 caput

412 2749 475 2813 IV:
506 2750 552 2815 ibi
582 2752 667 2815 enim
699 2751 739 2815 de
766 2751 864 2814 altera
887 2757 962 2832 arte,
987 2770 1084 2834 quam
1108 2749 1289 2832 Xenophon
1313 2750 1401 2813 haud

413 2865 521 2928 minus
551 2864 615 2946 illa,
641 2884 706 2947 que
729 2862 873 2946 efficitur,
897 2868 933 2928 ut
956 2864 1102 2927 homines
1126 2862 1211 2925 dicto
1234 2862 1401 2927 audientes

411 2976 498 3058 fiant,
529 2977 617 3041 cordi
639 2976 760 3058 habuit,
784 2979 1002 3041 oeconomiam
1027 2976 1108 3057 dico,
1130 2975 1244 3058 agitur,
1268 2993 1402 3058 eamque

412 3112 485 3157 oum
510 3093 687 3176 imperandi
711 3097 778 3156 arte
800 3091 1056 3174 coniungendam
1077 3088 1401 3153 essedemonstratur.

413 3204 625 3269 Conferantur
656 3205 775 3269 haece
799 3203 996 3287 Cynopaedia
1018 3201 1116 3266 verba
1139 3201 1174 3282 (I,
1198 3201 1322 3284 6‚12):
1346 3193 1403 3281 οἶροὶ

412 3340 458 3394 ps,
493 3311 514 3378 ὦ
544 3323 610 3389 παῖ,
643 3317 671 3380 ἕν
702 3322 764 3388 τοῖς
795 3321 1001 3396 στρατηγικοῖς
1033 3312 1086 3378 καὶ
1117 3313 1278 3391 οἰκονομίας
1309 3313 1340 3378 πί
1359 3337 1403 3378 rot

412 3429 579 3508 ἐπεμνήσθη
603 3428 616 3492 ὁ
639 3427 709 3510 ανὴρ
733 3422 754 3508 ᾧ
777 3429 826 3493 τὸν
845 3429 945 3506 μισθὸν
967 3426 1080 3509 Φέρενςς
1102 3425 1181 3492 οὐδὲν
1200 3426 1299 3506 μέντοι
1317 3422 1403 3500 ἦππον

414 3543 438 3607 οἱ
459 3546 634 3624 σπραπνῶπαν
656 3545 713 3606 πῶν
735 3542 901 3616 ἐπιτηδείων
925 3541 1037 3606 δέονται
1061 3539 1077 3615 ἢ
1102 3541 1126 3606 οἱ
1148 3543 1177 3606 ἕν
1200 3538 1263 3620 οἴκῳ
1284 3540 1401 3606 οἰκέται.

458 3657 560 3742 Caput
590 3658 751 3741 quintum,
784 3676 979 3740 quamquam
1011 3653 1321 3740 praestantissimum
1347 3661 1403 3738 est

415 3776 521 3835 tamen
545 3789 562 3835 e
585 3769 809 3854 Xenophontis
833 3771 935 3854 magis
960 3790 1057 3853 quam
1080 3789 1098 3834 e
1118 3768 1258 3834 Socratis
1279 3775 1404 3833 senten-

413 3886 458 3948 tia
480 3885 633 3967 scriptum
658 3902 736 3964 esse,
761 3884 888 3966 saepius
909 3881 1113 3946 observatum
1134 3887 1189 3946 est.
1211 3880 1299 3957 Quae
1318 3884 1404 3945 enim

414 3998 453 4062 de
482 3997 633 4080 periculis
663 4016 682 4060 a
710 3995 868 4060 Thebanis
889 3994 1133 4059 imminentibus
1159 3995 1191 4076 (ξ
1215 3996 1234 4056 2
1259 3995 1351 4078 sqq.),
1374 4000 1406 4059 et

416 4110 455 4174 de
478 4109 615 4173 utilitate
637 4109 777 4172 militum
795 4107 922 4171 levibus
942 4108 1039 4170 ermis
1060 4107 1289 4170 instructorum
1308 4107 1338 4188 (ᾗ
1351 4106 1405 4189 26)

413 4223 627 4307 disputantur,
661 4241 698 4286 ea
729 4219 851 4285 Socrati
875 4221 911 4283 in
932 4224 1072 4284 mentem
1096 4220 1205 4283 venire
1228 4238 1293 4282 non
1317 4225 1405 4303 pote·

415 4339 495 4399 rant.
518 4333 608 4398 Nihil
631 4333 671 4398 ad
695 4332 858 4418 Socratem
877 4338 987 4396 contra
1007 4332 1263 4398 adversariorum
1283 4333 1405 4397 culum·
