3354 5268
767 646 805 707 71

226 830 392 913 perspicue
416 831 583 894 enuntiari.
604 829 646 894 Et
665 831 747 913 quis,
767 849 894 914 quaeso,
914 832 1152 915 participiorum
1164 850 1341 896 concursus

228 945 368 1024 exsistet,
402 945 430 1006 si
465 962 656 1026 reponemus
688 944 730 1025 id,
753 944 839 1026 quod
862 950 893 1007 et
917 944 1120 1008 scribendum
1144 949 1218 1026 erat,
1242 950 1281 1027 et,
1304 950 1341 1009 ut

229 1055 309 1118 mihi
333 1056 460 1140 quidem
488 1057 623 1139 videtur,
647 1057 829 1142 Xenophon
853 1059 1002 1142 scripsit?
1026 1057 1099 1122 Non
1123 1060 1208 1122 enim
1231 1058 1341 1123 dubito

230 1171 308 1252 quin
340 1171 384 1233 ita
413 1171 455 1233 sit
478 1170 669 1253 legendum:
693 1168 745 1234 xa}
768 1169 826 1251 γὰρ
849 1165 917 1234 οἶδα
938 1169 1098 1250 ἀνθρώπους
1121 1169 1175 1244 ἤδη
1199 1171 1265 1242 πούς
1288 1171 1343 1248 μὲν

225 1282 257 1344 ε’κ
289 1281 438 1358 διαβολῆς,
472 1282 536 1354 ποὺς
568 1282 599 1346 δὲ
628 1281 679 1346 καὶ
710 1279 743 1357 ἐξ
765 1283 893 1363 ὑποψίας
917 1281 1102 1362 φοβηθένπασ
1125 1283 1283 1357 ἀλλήλους,
1307 1281 1338 1356 οἳ,

225 1391 339 1472 Φθοθσαι
369 1394 538 1472 βουλόμενοι
569 1394 634 1472 πρὶν
665 1402 778 1469 παθεῖν,
811 1395 948 1469 ε’ποθνσαν
984 1396 1132 1470 ώνύιιεοπα
1163 1396 1244 1460 κακθι
1273 1396 1340 1468 τοὺς

223 1506 288 1570 οὔτε
319 1506 484 1583 μέλλοντας
507 1506 566 1572 οὔτ’
590 1507 626 1572 θον
648 1508 842 1586 βουλομένους
865 1514 987 1573 τοιοῦτον
1011 1508 1100 1572 οὐδέν.
1125 1508 1338 1573 Leuissimum

226 1623 308 1686 hanc
330 1643 399 1687 esse
423 1624 675 1687 emendationem
697 1643 799 1705 nemo,
823 1629 861 1687 ut
882 1626 1004 1708 opinor,
1026 1622 1161 1706 negabit.

269 1735 308 1818 V,
346 1737 362 1798 7
400 1734 483 1811 Quid
518 1739 559 1800 sit
588 1735 647 1800 απὸ
678 1734 757 1799 ποίου
779 1735 892 1816 τύχους
916 1734 1034 1816 φεύγων
1058 1755 1108 1800 me
1131 1737 1254 1800 nescire
1276 1738 1339 1800 iem

225 1869 321 1932 supra
343 1831 528 1933 significavi.

271 1962 310 2046 V,
335 1965 375 2027 18
398 1968 525 2027 τοσοῦτοι
549 1963 575 2027 δ’
598 1960 653 2026 εἰσὶ
673 1961 804 2040 ποταμοὶ
824 1963 874 2042 ἐφ’
896 1957 931 2025 ών
944 1959 1053 2036 ἔξεστιν
1066 1963 1138 2039 ἡμῖν
1151 1960 1339 2038 ταμιεύεσθαι

227 2075 338 2147 θπθσοις
371 2075 406 2139 θον
437 2080 517 2153 ὑμῶν
548 2076 722 2153 βουλώμεθα
753 2076 914 2154 μώχεσθαι.
948 2077 1048 2140 Paulo
1071 2077 1178 2140 fusius
1200 2077 1277 2139 mihi
1301 2076 1340 2140 de

226 2190 377 2254 hocloco
402 2191 628 2274 disputandum
653 2195 716 2270 est,
741 2192 817 2254 novi
841 2197 944 2254 tamen
970 2191 1048 2253 nihil
1069 2190 1206 2269 afferam,
1225 2190 1280 2254 sed
1299 2191 1339 2254 iis

227 2325 308 2389 quae
330 2306 384 2368 alii
407 2306 581 2370 attulerunt
605 2325 696 2387 nova,
719 2312 756 2368 ut
780 2307 900 2388 opinor,
923 2307 1046 2369 ratione
1068 2311 1149 2368 utar.
1168 2303 1240 2368 Non
1253 2306 1339 2368 enim

227 2437 352 2502 operam
377 2419 458 2501 dedi,
483 2424 637 2502 utquam
662 2417 816 2502 plurimos
840 2419 1060 2501 conquirerem
1080 2419 1176 2498 locos,
1195 2417 1253 2481 ubi
1269 2436 1339 2480 ver-

226 2530 303 2596 bum
344 2529 533 2608 ταμιεύεσθαι
574 2550 671 2596 sensu
705 2532 918 2615 metaphorice
953 2533 1092 2615 positum
1126 2536 1226 2610 esset,
1263 2551 1337 2594 nam

223 2663 328 2728 neque
351 2647 444 2709 credo
464 2645 555 2709 facile
575 2646 683 2729 plures
703 2646 809 2729 colligi
828 2665 930 2729 posse,
953 2666 1049 2729 quam
1070 2647 1126 2728 qui
1146 2647 1181 2708 in
1201 2645 1339 2710 editione

224 2757 469 2822 Schneideriana
498 2761 535 2839 (a
568 2761 663 2838 1825)
687 2759 727 2822 ad
750 2759 836 2822 hunc
859 2758 966 2822 locum
989 2759 1218 2822 illustrandum
1241 2759 1339 2822 citan-

225 2877 286 2952 tur,
305 2877 336 2935 et
354 2872 402 2934 illi
414 2874 475 2954 ipsi
488 2873 527 2935 ad
540 2871 693 2935 iudicium
706 2891 812 2935 meum
824 2871 1060 2936 informandum
1074 2873 1153 2934 mihi
1166 2871 1339 2935 sufficiunt.

218 2989 221 2992 ’
268 2985 335 3049 Iam
357 2987 524 3069 paululum
549 3007 567 3049 a
590 2987 702 3050 ceteris
725 2985 829 3048 differt
847 2985 945 3067 locuS,
967 3005 1061 3068 quem
1082 3004 1123 3048 ex
1143 2984 1339 3068 Cyropaedia

224 3099 292 3180 (III,
329 3103 357 3179 3,
390 3102 444 3181 42)
480 3100 569 3163 affert
597 3099 867 3182 Hutchingtonus.
901 3098 1084 3178 Παραδθνπες
1116 3097 1235 3169 ἑαυτοὺς
1267 3097 1339 3174 ἡμῖν

223 3211 422 3288 ταμιεύεσθαι,
457 3210 530 3276 ώσπε
563 3210 674 3283 θπθσοις
705 3210 741 3276 ἂν
771 3210 945 3289 βουλώμεθα
976 3213 1073 3275 αύπών
1102 3210 1263 3291 μοθχεσθαι.
1289 3212 1339 3276 Ibi

224 3329 310 3390 enirn
333 3324 459 3409 ἑαυτούς,
483 3347 677 3410 quamquam
703 3328 828 3410 proprie
850 3332 898 3390 est
920 3326 1010 3390 verbi
1032 3324 1209 3406 παραδόντες
1235 3326 1337 3390 obiec-

225 3448 302 3524 tum,
329 3446 433 3506 tamen
465 3443 559 3506 etiam
584 3442 624 3505 ad
645 3437 833 3516 ταμιεύεσθαι
856 3442 1008 3525 pertinet:
1034 3459 1109 3524 ergo
1132 3445 1163 3503 et
1186 3441 1337 3503 coniunc-

223 3556 309 3619 tione
342 3552 416 3618 ώσπε
449 3561 481 3621 et
513 3555 668 3638 particula
697 3551 733 3617 θον
764 3573 844 3638 opus
876 3560 930 3618 est.
962 3553 1045 3618 Nam
1079 3555 1135 3637 qui
1166 3554 1337 3617 accuratis·

225 3671 305 3733 sime
328 3676 449 3733 vertere
472 3669 550 3742 vult,
573 3670 603 3732 ei
626 3671 672 3732 sio
697 3674 744 3732 est
766 3668 949 3732 faciendum
972 3669 1118 3730 initium:
1146 3667 1279 3747 ,hostes
1303 3684 1336 3729 se

223 3784 310 3865 ipsos
340 3781 432 3846 nobis
462 3783 496 3844 in
519 3787 624 3866 partes
648 3781 836 3846 dividendos
860 3779 1088 3845 tradiderunt'’.
1112 3778 1200 3843 Haec
1223 3798 1280 3862 per
1303 3797 1337 3842 se

224 3894 368 3959 absoluta
402 3897 559 3959 sententia
588 3901 644 3977 est,
675 3897 778 3979 eique,
810 3895 894 3979 quod
928 3897 1082 3978 sequitur,
1113 3895 1337 3956 coniunctione

226 4009 334 4093 aliqua
374 4009 608 4073 annectendum
643 4016 707 4073 est:
744 4009 832 4072 nulla
865 4014 971 4072 autem
1006 4009 1229 4071 coniunctione
1265 4004 1339 4069 ώσπε

226 4124 328 4205 aptior
358 4127 413 4186 est.
440 4121 605 4186 Habemus
630 4141 703 4206 ergo
728 4123 821 4186 haec:
849 4121 981 4200 ,hostes
1007 4140 1041 4184 se
1064 4119 1155 4183 nobis
1178 4121 1211 4183 in
1235 4125 1338 4203 partes

1310 4231 1328 4260 il

226 4237 413 4301 dividendos
455 4237 671 4300 tradiderunt:
707 4238 815 4319 itaque
849 4236 937 4343 licet⁸
956 4235 1049 4298 nobis
1083 4253 1337 4317 pugnare.....

224 4350 294 4416 Iam
327 4351 485 4416 sententia
513 4351 553 4414 ad
583 4350 679 4414 finem
707 4351 872 4434 pervenire
903 4367 969 4412 uon
999 4352 1102 4431 potest
1131 4348 1194 4410 nisi
1223 4366 1337 4430 prono-
