3354 5268
753 665 795 726 85

222 848 383 913 similibus
406 851 464 912 vix
487 848 647 912 credibilis
671 849 799 912 videtur
822 851 989 913 nominum
1011 868 1141 933 quoque
1160 850 1345 932 similitude,

220 983 323 1046 quum
355 963 550 1046 pracsertim,
581 963 609 1026 si
640 966 671 1026 et
701 962 898 1045 Trapezunte
929 968 960 1026 et
984 961 1158 1027 Cerasunte
1180 963 1243 1026 tale
1267 963 1346 1047 quid

222 1077 399 1159 accidisset,
433 1076 523 1140 nulla
558 1096 655 1140 causa
687 1083 779 1159 esset,
809 1096 868 1140 cur
900 1077 939 1141 de
962 1077 1060 1141 altero
1083 1076 1287 1140 incommodo
1310 1079 1345 1140 in
1404 1057 1406 1062 ¹

221 1192 363 1254 oratione
387 1190 426 1252 ad
450 1189 576 1271 milites,
597 1209 694 1273 quam
715 1191 817 1273 capite
837 1189 901 1252 VII
920 1189 1024 1267 habet,
1036 1189 1143 1253 sileret
1154 1188 1346 1272 Xenophon,

221 1305 354 1369 alterius
378 1309 503 1367 tantum
529 1305 725 1367 mentionem
748 1303 873 1368 faceret.
898 1302 971 1366 Non
996 1304 1081 1366 enim
1106 1305 1215 1366 minus
1240 1301 1346 1366 Gleae-

221 1420 289 1483 neti
323 1438 420 1501 quam
456 1416 591 1480 Cleareti
621 1416 831 1500 improbanda
861 1422 929 1480 erat
958 1417 1091 1479 audacia
1122 1421 1153 1480 et
1175 1417 1344 1480 temeritas.

222 1530 342 1596 Censeo
375 1550 450 1614 ergo
481 1531 631 1594 lectorem
661 1529 800 1613 aliquem
828 1528 911 1592 male
934 1528 1092 1611 sedulum,
1115 1547 1157 1591 ne
1178 1529 1212 1591 in
1236 1548 1346 1592 narra-

220 1647 307 1709 tione
330 1649 488 1708 taceretur
512 1643 550 1706 de
575 1662 612 1707 ea
634 1661 678 1724 re,
700 1662 796 1726 quam
814 1643 849 1705 in
869 1643 1011 1705 oratione
1030 1642 1142 1726 capitis
1161 1640 1347 1705 VHnarrat

220 1757 413 1840 Xenophon,
427 1757 628 1826 ,sententiam
653 1775 751 1839 supra
774 1755 902 1818 citatam
925 1755 1142 1838 adscripsisse,
1168 1755 1224 1817 sed
1243 1773 1346 1836 quum

219 1874 253 1936 id
285 1892 303 1937 e
333 1873 486 1935 memoria
509 1870 635 1952 faceret,
660 1871 747 1933 etin
771 1869 862 1932 ducis
887 1870 973 1932 etin
999 1867 1089 1932 urbis
1113 1869 1243 1931 nomine
1267 1888 1347 1952 pau·

222 1986 325 2050 lulum
350 2006 368 2049 a
391 2003 466 2048 vero
491 1984 662 2047 aberrasse.

265 2099 308 2179 Il,
333 2100 352 2160 5
381 2094 433 2160 καί
457 2096 514 2176 pap
538 2096 650 2176 ταφρὸς
675 2089 708 2168 ἦν
731 2093 795 2174 περὶ
818 2094 892 2157 αὐτὸ
916 2094 1012 2173 εὐρεῖα
1035 2091 1269 2170 ἀναβεβλημένη
1294 2091 1346 2156 καί

221 2210 363 2283 σκόλοπες
397 2209 444 2273 ἐπί
478 2215 532 2282 τῆς
564 2207 725 2285 ἀναβολῆς.
760 2207 833 2271 Non
862 2209 932 2290 ipsa
961 2206 1056 2289 fossa,
1078 2212 1116 2270 ut
1146 2209 1267 2290 opinor,
1291 2208 1346 2271 sed

222 2332 305 2390 terra
329 2345 346 2390 e
371 2324 457 2388 fossa
481 2329 589 2407 egesta
612 2319 832 2398 ἀναβάλλεπαι.
856 2319 1036 2384 Delendum
1062 2338 1132 2384 esse
1155 2320 1248 2384 credo
1272 2320 1346 2382 ἀνα-

223 2436 408 2516 βεβλημένη.
433 2438 511 2501 Erat
535 2457 636 2520 quum
660 2442 806 2519 putarem
828 2427 1035 2498 inserendum
1056 2451 1127 2497 esse
1146 2430 1198 2495 καί
1219 2438 1269 2509 γῆ,
1291 2433 1347 2496 sed

222 2571 329 2636 neque
361 2551 468 2616 verbis
496 2548 545 2613 καί
568 2556 608 2627 γῆ
631 2544 866 2625 ἀναβεβλημένη
892 2551 1020 2631 propter
1044 2544 1093 2609 ε’πί
1117 2552 1171 2618 τῆς
1195 2544 1347 2622 ἀναβολῆς

222 2666 308 2749 quod
340 2667 487 2748 sequitur
511 2683 593 2746 opus
617 2667 682 2727 est:
708 2679 922 2744 unaquaeque
947 2661 1033 2723 enim
1056 2658 1142 2723 fossa
1166 2679 1263 2723 suum
1286 2658 1348 2722 sibi

223 2779 344 2842 vallum
369 2777 471 2841 habet.

265 2889 307 2972 Π,
332 2891 351 2952 6
376 2887 526 2966 πέμποντι
550 2888 617 2967 πρὸς
639 2888 687 2951 τὸν
709 2890 891 2967 Ξενοφῶντα·
915 2885 943 2969 [ό
962 2885 988 2949 δ’
1010 2885 1107 2962 ἡγεῖτο
1120 2889 1178 2955 τοῖς
1191 2882 1346 2968 ὁπλίταις].

222 3004 343 3068 Ultima
375 3003 471 3066 verba
502 3022 633 3084 prorsus
662 3002 819 3065 inutiliter
853 3000 1023 3063 adduntur.
1046 2997 1110 3074 Qui
1134 2999 1194 3068 hoe
1216 3017 1280 3062 non
1306 3018 1348 3063 ex

222 3119 291 3201 ipsa
324 3117 506 3179 narratione
542 3115 664 3179 discere
696 3119 808 3199 potest,
839 3114 993 3197 indignus
1023 3119 1079 3195 est,
1104 3113 1160 3196 qui
1182 3111 1348 3177 Anabasin

222 3233 313 3314 legat.
346 3229 429 3292 Vide
461 3234 633 3313 praeterea,
666 3249 763 3312 quam
796 3247 908 3312 parum
936 3227 1095 3310 eleganter
1118 3227 1200 3291 duae
1223 3227 1348 3290 vicinae

224 3343 398 3406 sententiae
421 3340 460 3404 ab
485 3339 498 3402 ό
522 3339 553 3403 δὲ
575 3342 736 3424 incipiant.

266 3453 308 3537 H,
340 3456 360 3518 8
394 3451 509 3532 andrapon
539 3449 581 3525 rin
615 3458 738 3532 κρεῖττον
763 3453 941 3530 ἀπαγαγεῖν
963 3451 1015 3515 καί
1039 3451 1104 3523 τοὺς
1127 3450 1348 3528 διαβεβηκότας

222 3565 238 3641 ἀ
263 3565 314 3631 καί
338 3566 404 3638 τοὺς
427 3565 554 3638 ὁπλίτας
578 3565 775 3646 διαβιβόζειν.
801 3566 899 3631 Recte
923 3565 1061 3630 Cobetns
1079 3567 1169 3649 prius
1189 3564 1241 3628 καί
1257 3565 1346 3629 delet.

222 3682 343 3746 Eodem
379 3683 474 3745 modo
511 3665 693 3744 emendavit
727 3680 833 3743 locum
864 3679 924 3762 111,
957 3681 985 3761 1,
1018 3681 1068 3762 34,
1098 3677 1154 3742 ubi
1177 3684 1250 3742 anta
1273 3697 1346 3742 eum

222 3794 403 3877 legebatur:
428 3790 511 3867 λέξον
535 3792 578 3864 δέ,
603 3790 673 3872 ἔφη,
695 3789 746 3855 καί
767 3791 813 3863 σὺ,
833 3785 854 3854 ὦ
874 3795 1014 3871 Ξενοφῶν,
1028 3789 1101 3870 ἀπερ
1113 3789 1165 3853 καί
1178 3791 1245 3870 πρὸς
1257 3789 1347 3866 ημάς.

223 3907 369 3971 Huiusce
392 3909 504 3990 capitis
531 3908 549 3988 ᾗ
575 3908 615 3968 17
641 3925 729 3969 nunc
753 3906 859 3970 editur
881 3905 905 3968 ci
924 3904 979 3981 μὲν
998 3901 1050 3966 καί
1064 3899 1346 3982 ἔχοντεςάἔλαβον,

224 4017 312 4098 τάχα
335 4018 367 4082 δέ
390 4042 434 4090 τις
460 4018 511 4081 καί
535 4017 721 4097 τετρωμένος,
749 4019 805 4083 sed
829 4020 959 4082 ethaeo
982 4018 1079 4082 verba
1097 4017 1230 4081 eandem
1248 4018 1347 4081 medi·

225 4136 328 4196 cinam
352 4132 504 4216 flagitant.
529 4132 629 4196 Vides
654 4152 751 4215 quam
775 4132 926 4215 frequens
950 4133 992 4194 sit
1013 4131 1100 4194 istud
1123 4131 1246 4193 vitium.

267 4244 309 4328 Il,
335 4246 375 4306 21
401 4243 541 4314 καὶτοὺς
565 4244 700 4324 ἀχρείους
724 4242 776 4307 καί
801 4242 907 4324 φορτία
930 4240 1056 4321 ἔχοντας
1075 4239 1275 4319 ἐξεπέμποντο
1295 4239 1346 4305 καί

225 4361 282 4423 τάν
307 4357 432 4425 ὁπλιτῶν
456 4356 488 4422 τὸ
512 4358 621 4430 πλῆθος
644 4355 858 4429 καταλιπόντες
880 4355 903 4420 οἱ
925 4353 1055 4435 λοχαγοί
1079 4349 1117 4427 οἷς
1140 4353 1263 4428 ἕκαστος
1284 4354 1347 4420 ε’πί-
