3330 5262
740 623 805 687 335

206 809 319 892 agitur,
342 812 381 871 ut
403 795 556 872 orationis
576 807 732 891 elegantia
751 807 947 889 restituatur,
967 827 1008 873 ne
1027 808 1191 874 levissima
1203 810 1331 893 quidem

206 920 440 985 contemnenda
463 925 548 984 sunt.
574 919 608 984 Si
632 922 717 984 enim
744 925 891 984 accurate
911 920 951 984 de
970 921 1031 983 hoc
1050 921 1120 984 loco
1134 921 1334 1003 deliberabis,

206 1034 369 1118 apparebit
399 1052 465 1097 non
496 1037 560 1096 tres
589 1052 702 1097 rerum
732 1033 815 1096 duas
838 1053 951 1097 causas
975 1033 1080 1097 afferri
1103 1033 1333 1118 Spartanorum

205 1147 238 1209 in
273 1146 438 1210 Thebanos
471 1145 553 1208 odii:
590 1165 727 1228 quarum
762 1146 861 1210 altera
894 1151 951 1228 est,
984 1147 1070 1228 quod
1101 1147 1335 1230 prohibuerunt

207 1261 381 1341 quominus
404 1257 575 1341 Agesilaus
598 1257 718 1321 Aulide
741 1277 807 1321 rem
830 1258 972 1320 divinam
992 1258 1118 1341 faceret,
1129 1259 1227 1323 altera
1247 1259 1334 1344 quod

205 1390 280 1434 eum
303 1373 338 1434 in
362 1371 473 1435 Asiam
497 1390 564 1434 non
587 1375 665 1435 sunt
688 1371 799 1434 secuti.
823 1369 916 1447 Prior
938 1376 1044 1435 autem
1069 1372 1103 1434 in
1127 1372 1208 1436 duas
1228 1377 1333 1455 partes

206 1483 376 1547 dividitur:
413 1484 440 1546 1.
475 1482 555 1547 Rem
588 1483 730 1546 divinam
760 1482 864 1546 facere
887 1502 962 1547 eum
987 1488 1144 1548 vetarunt.
1170 1486 1198 1547 2.
1224 1482 1332 1559 Quum

205 1601 313 1660 tamen
348 1597 503 1680 coepisset
539 1598 610 1660 eius
646 1615 736 1660 sacra
769 1597 808 1660 de
842 1617 897 1660 ara
930 1597 1122 1662 deiecerunt.
1153 1597 1247 1662 Hanc
1270 1597 1333 1662 sibi

207 1710 463 1782 distributionem
483 1711 687 1794 proposuisse
700 1709 946 1793 Xenophontem
961 1729 979 1774 e
992 1711 1158 1794 particulis
1169 1734 1204 1773 τε
1216 1747 1258 1757 -
1271 1709 1331 1782 nal,

206 1824 325 1907 quibus
359 1823 433 1886 illae
466 1827 580 1907 partes,
614 1823 654 1886 de
689 1822 807 1907 quibus
839 1823 992 1905 dicebam,
1022 1826 1106 1888 inter
1137 1843 1171 1888 so
1203 1826 1332 1888 iunctae

205 1942 291 2019 sunt,
325 1935 531 2000 manifestum
566 1933 610 1998 fit.
648 1934 881 2000 Coniunctiona
912 1954 987 2020 ergo
1017 1936 1064 2008 ὡς,
1090 1955 1172 2019 quae
1197 1935 1330 2000 verbum

206 2048 322 2132 ἔρρνψων
353 2050 522 2134 praecedit,
553 2051 729 2114 sententiae
762 2055 923 2114 structura
946 2050 1113 2130 turbatur3
1138 2053 1333 2134 quapropter

204 2166 293 2230 illam
316 2165 504 2230 eliciendam
529 2184 652 2228 censeo.

247 2279 287 2362 V,
314 2280 364 2341 19.
389 2276 622 2342 Observatione
647 2277 744 2361 digna
764 2281 813 2340 est
830 2276 971 2340 brevitas
983 2275 1149 2358 Laconica,
1162 2295 1226 2359 qua
1237 2293 1332 2358 saepe

204 2393 237 2456 in
266 2392 437 2456 narrandis
461 2390 591 2475 proeliis
615 2389 889 2454 nobilissimorum
913 2391 1055 2452 virorum
1080 2394 1214 2452 mortem
1235 2388 1332 2451 tradit

205 2504 395 2589 Xenophon.
420 2503 483 2566 Hic
507 2505 591 2566 enim
616 2502 820 2584 Lysandrum
842 2522 1007 2566 summum
1026 2501 1117 2564 illum
1137 2501 1260 2580 ducem,
1274 2501 1331 2584 qui

204 2619 245 2682 ad
267 2618 349 2683 illud
371 2617 536 2700 fastigium
559 2617 693 2700 patriam
716 2636 807 2680 suam
829 2615 1003 2692 eduxisset,
1016 2615 1168 2679 cecidisse
1181 2619 1331 2678 narratur

203 2754 270 2798 una
293 2733 450 2797 sententia
472 2750 647 2814 paucorum
672 2729 912 2811 vocabulorum,
934 2729 1054 2811 illaque
1074 2729 1193 2810 etipsa
1212 2727 1247 2788 in
1268 2726 1330 2790 alia

204 2848 361 2912 sententia
391 2851 555 2928 tamquam
585 2843 748 2908 recondita
770 2847 825 2907 est.
849 2841 926 2906 Tam
951 2863 969 2905 a
993 2841 1160 2905 rhetoricis
1185 2839 1328 2903 flosculis

203 2960 419 3043 inanibusque
451 2958 646 3022 ornamentis
677 2961 819 3020 remotus
842 2963 891 3020 cst
915 2955 1105 3038 Xenophon.
1130 2952 1219 3016 Haec
1243 2953 1329 3016 enim

203 3074 242 3138 de
276 3074 332 3136 illa
364 3093 399 3137 re
433 3072 504 3136 eius
533 3069 632 3136 verba
662 3074 757 3134 sunt:
789 3065 855 3131 ἐπεὶ
886 3067 917 3131 δὲ
939 3065 1134 3137 ἀποθανόντος
1158 3061 1328 3144 Λυσάνδρου

201 3183 326 3266 ἔφευγον
357 3184 381 3249 ol
407 3181 492 3247 atalae
516 3183 584 3262 πρὸς
608 3182 640 3246 τὸ
663 3179 731 3261 ὄρος,
755 3179 868 3245 ἐδίωκον
892 3177 1053 3259 ἐρρωμένως
1076 3178 1100 3241 οἱ
1123 3176 1263 3253 Θνβωῖω.
1287 3177 1330 3240 Et

203 3301 354 3385 quoniam
378 3297 589 3362 utilissimum
612 3314 681 3359 esse
702 3293 796 3358 credo
816 3311 927 3356 earum
947 3311 1066 3374 rerum,
1079 3310 1163 3374 quae
1183 3291 1329 3373 scriptori

202 3412 348 3497 propriae
383 3415 467 3493 sunt,
503 3429 599 3493 quam
630 3408 768 3491 plurima
797 3407 831 3469 in
862 3409 1011 3490 promptu
1034 3403 1150 3468 habere
1173 3404 1329 3487 exempla,

201 3525 288 3590 locos
312 3524 468 3610 quosdam
493 3522 607 3586 addam
630 3521 707 3585 huic
730 3520 769 3584 de
792 3519 959 3600 Lysandro
984 3517 1172 3582 simillimos.

245 3640 284 3703 A
316 3637 541 3719 Callicratidas,
572 3634 867 3719 praestantissimus
890 3631 1119 3716 Spartanorum
1145 3630 1223 3708 dur,
1248 3631 1326 3713 quin

202 3751 411 3836 Xenophonti
441 3767 516 3834 prae
543 3749 656 3813 ceteris
678 3748 774 3811 fuerit
794 3749 943 3829 acceptus
966 3764 1031 3808 nou
1054 3748 1103 3808 est
1126 3744 1213 3828 quod
1237 3742 1329 3807 dubi-

202 3870 317 3930 temus,
351 3864 399 3928 Ea
430 3863 516 3927 enim
547 3863 611 3925 viri
635 3863 739 3924 virtus
761 3859 823 3924 fuit
847 3863 892 3941 ut,
916 3858 1100 3922 admonitus
1124 3861 1241 3921 cartam
1266 3855 1327 3920 sibi

202 3980 321 4044 instare
344 3978 530 4062 perniciem,
551 3976 616 4039 nisi
639 3995 658 4038 a
680 3974 842 4058 proposito
862 3972 982 4056 proelio
1003 3971 1177 4052 desisteret,
1196 3988 1327 4052 respon·

201 4093 289 4157 deret
311 4091 342 4155 οὐ
365 4090 435 4171 παρ’
460 4086 511 4153 ἕνω
533 4087 625 4169 ἄνδρων
650 4087 672 4151 d
695 4085 832 4167 Σπάρτων,
857 4087 951 4150 cuius
975 4085 1093 4168 egregii
1118 4083 1193 4147 dicti
1217 4081 1327 4146 Xeno·

199 4206 287 4291 phon
322 4222 452 4288 quoque
487 4202 628 4266 servavit
658 4201 862 4280 memoriam3
895 4199 945 4262 aa
965 4201 1072 4262 autem
1102 4196 1267 4282 sapientia,
1292 4199 1329 4258 ut

200 4320 392 4404 perspiceret
420 4317 668 4382 Atheniensium
699 4335 774 4380 cum
805 4313 970 4399 Spartanis
1000 4312 1174 4376 certamina
1197 4330 1234 4376 eo
1257 4318 1330 4374 tan-
