3352 5260
670 1620 835 1697 CAPUT
862 1620 1108 1711 QUINTUM.

383 1845 427 1918 lle
450 1844 675 1931 xenophontis
699 1843 1023 1930 commentariorum,
1047 1843 1101 1930 qui
1127 1843 1403 1930 „memorabilia”

527 1957 693 2045 dicuntur,
718 1957 861 2028 consilio
885 1956 1034 2044 fatisque
1059 1957 1251 2046 disputatio.

374 2476 477 2553 Quam
508 2477 548 2542 de
577 2475 839 2540 Memorabilibus
871 2478 1059 2541 sententiam
1085 2475 1224 2541 Cobetus
1249 2476 1342 2558 (Nor,
1366 2475 1452 2542 Leot.

328 2611 358 2676 p.
390 2590 454 2652 662
467 2591 550 2674 sqq.)
583 2589 739 2672 defendat,
765 2608 860 2654 nemo
883 2591 948 2653 iam
972 2595 1020 2654 est
1044 2591 1100 2674 qui
1122 2591 1263 2674 ignoret:
1289 2590 1454 2656 contendit

329 2705 415 2770 enim
438 2703 685 2786 Xenophontem
708 2703 798 2767 nullo
822 2704 883 2767 alio
907 2703 1041 2768 oonsilio
1064 2703 1136 2768 illos
1159 2703 1258 2768 libros
1278 2705 1453 2788 scripsisse,

329 2838 427 2903 quam
450 2823 488 2882 ut
509 2817 690 2900 Polycratis
714 2817 881 2881 cuiusdam
905 2815 1075 2897 Σωκράτους
1094 2816 1271 2897 κατηγορίαν
1290 2816 1453 2901 refutaret,

329 2933 368 2996 de
399 2953 463 3017 qua
493 2937 525 2996 et
555 2932 632 2996 alibi
662 2932 782 2996 mentio
809 2930 846 2995 fit
868 2937 900 2996 et
923 2932 1008 3014 apud
1032 2931 1205 2996 Isocratem
1226 2933 1261 2994 in
1283 2918 1451 3012 Busiride3

329 3046 514 3129 multosque
549 3047 636 3109 viros
672 3045 791 3127 dootm,
825 3045 881 3128 qui
910 3046 1115 3128 praecipuum
1145 3043 1353 3128 Xenophonti
1376 3045 1454 3110 dant

224 3169 228 3179 ’
330 3177 468 3242 operum,
492 3159 531 3222 sd
556 3178 648 3223 suam
671 3159 862 3223 sententiam
887 3158 1030 3222 adduxit.
1053 3157 1167 3243 Neque
1185 3161 1303 3224 mirum
1324 3160 1453 3224 hocest.

329 3272 466 3356 Egregie
499 3273 594 3355 enim,
624 3277 661 3335 ut
693 3270 803 3336 Cobeti
835 3273 950 3355 omnic,
974 3272 1147 3356 disputatio
1170 3272 1225 3336 illu
1249 3275 1365 3357 scripta
1388 3278 1452 3338 est:

330 3385 565 3450 iucundissima
588 3390 637 3450 est
659 3385 699 3448 sd
722 3385 904 3469 legendum,
927 3385 966 3449 ad
990 3386 1248 3469 persuadendum
1271 3388 1452 3470 aptissime:

330 3498 507 3583 permultae
529 3517 581 3562 res
601 3500 636 3563 in
657 3517 694 3562 ea
715 3503 923 3581 exponuntur
935 3498 1096 3582 plerisque
1107 3498 1280 3564 lectoribus
1291 3502 1455 3566 inauditae

330 3618 440 3693 antea;
465 3611 568 3696 lepide
587 3611 733 3676 ridentur
752 3611 939 3676 stolidorum
955 3611 1185 3684 Graeculorum
1197 3613 1308 3678 futiles
1319 3614 1455 3698 fabulae,

331 3729 516 3792 acutissime
548 3729 693 3791 virorum
729 3726 895 3790 doctorum
931 3727 1244 3811 semidootorumque
1274 3728 1456 3793 refutantur

332 3860 453 3906 errores
489 3845 521 3904 et
554 3845 733 3905 commenta
764 3841 881 3922 inania,
905 3841 1006 3904 multu
1032 3860 1162 3924 quoque
1187 3841 1456 3923 demonstrentur,

332 3973 415 4038 quae
449 3955 552 4018 cnivis
586 3953 811 4038 Xenophontis
841 3954 953 4018 lectori
984 3955 1155 4019 utilissima
1180 3974 1249 4020 esse
1272 3957 1403 4039 possint.
1428 3956 1455 4019 Ε

332 4066 452 4152 quibus
482 4073 519 4131 ut
549 4087 651 4151 pauca
680 4067 733 4130 hic
763 4067 900 4150 afferam,
923 4068 1085 4152 praeclaro
1109 4067 1247 4132 Cobetus
1271 4068 1388 4150 docuit,
1412 4087 1456 4146 eu,

334 4200 416 4265 quae
438 4182 473 4243 in
497 4179 758 4244 Memorabilihus
782 4201 801 4244 a
824 4179 1038 4264 Xenophonte
1062 4181 1101 4246 de
1122 4180 1219 4245 Critia
1239 4187 1270 4246 et
1288 4181 1456 4246 Alcibiade

334 4295 489 4379 dicuntur,
530 4295 569 4361 ed
610 4294 816 4361 refellendam
851 4293 954 4381 Anyti
987 4297 1225 4364 accusationem
1258 4295 1355 4364 scribi
1390 4315 1457 4364 non
