3330 5262
741 639 803 702 361

210 819 364 902 γενόμενος
386 819 523 895 ἀπέθανε,
546 820 598 886 καί
621 821 730 896 Πθλλις
753 818 793 888 αῦ
815 824 985 898 ε’πιοτολεῦς
1005 821 1042 888 ὢν
1061 824 1173 906 τρωθείς
1193 825 1333 900 ἀπῦλθεν,

211 934 395 1017 Ἡριππίδας
424 933 540 1008 παῦτας
568 936 780 1014 ἀναλαμβάνει
814 937 870 1011 τάς
897 943 977 1011 ναῦς.
1002 939 1107 1005 Facile
1130 939 1199 1005 fieri
1223 946 1335 1025 potest,

213 1056 249 1115 ut
272 1051 371 1115 lector
392 1054 483 1134 putet
501 1069 558 1134 pro
578 1048 791 1128 ἀναλαμβάνει
810 1052 984 1136 legendum
1007 1071 1076 1119 esse
1088 1051 1334 1133 supralaudatum

212 1165 300 1248 quod
333 1162 470 1227 verbum
501 1165 578 1228 satis
611 1168 658 1228 est
687 1165 840 1249 frequens
873 1166 911 1230 de
940 1186 1024 1230 novo
1055 1166 1137 1230 duce
1159 1167 1335 1251 imperium

211 1279 413 1362 suscipiente,
445 1277 722 1360 quemadmodum
753 1283 784 1343 et
815 1279 874 1343 hoc
903 1281 972 1365 ipso
1004 1280 1073 1344 loco
1103 1281 1215 1364 paucis
1238 1282 1335 1345 inter·

212 1392 321 1455 missis
350 1389 517 1455 vocabulis
546 1389 681 1476 legitur:
714 1387 851 1471 Πρόαινος
882 1390 980 1468 μένποι
1011 1390 1145 1472 Κορίνθιος
1178 1392 1234 1465 τάς
1265 1392 1333 1473 παρ’

211 1502 369 1582 Ἀγαθίνου
410 1502 594 1584 παραλαβὼν
629 1507 700 1576 ναῦς
734 1500 851 1579 ἐξέλιπε
884 1503 917 1568 πί
952 1503 1031 1568 Ῥίον.
1068 1504 1191 1570 Revera
1226 1510 1335 1571 tamen

209 1613 423 1693 ἀναλαμβάνει
454 1618 620 1701 scripsisse
651 1617 780 1682 ridetur
808 1617 999 1702 Xenophon,
1031 1637 1134 1702 eoque
1157 1621 1335 1703 composito

212 1730 392 1815 significare
421 1730 572 1812 voluisse,
602 1750 733 1815 gravem
766 1732 925 1816 accepisse
957 1732 1080 1797 cladem
1104 1732 1277 1816 Spartanos
1300 1735 1334 1797 in
1378 1811 1380 1818 Ι

212 1863 247 1908 eo
277 1843 407 1928 proelio,
436 1845 471 1907 in
503 1863 567 1928 quo
596 1844 803 1909 Podanemus
828 1845 943 1910 cecidit
967 1851 999 1910 et
1020 1845 1122 1910 Pollis
1144 1846 1335 1911 vulneratus

211 1961 267 2021 est.
290 1955 397 2020 Verbo
422 1959 509 2020 enim
534 1953 762 2034 ἀναλαμβάνειν
784 1977 851 2022 non
872 1958 978 2022 solum
1001 1958 1200 2044 significatur
1212 1980 1334 2024 novum

211 2071 251 2134 ad
274 2072 454 2134 exercitum
479 2072 606 2135 venisse
630 2071 755 2154 ducem,
779 2071 837 2135 sed
860 2073 957 2135 etiam
980 2072 1075 2135 illum
1100 2092 1212 2136 secum
1234 2093 1335 2138 novas

211 2185 389 2250 adduxisse
412 2185 528 2268 copias,
553 2183 672 2267 quibus
692 2185 828 2249 amissas
849 2185 933 2249 vires
952 2191 1120 2270 repararet,
1134 2186 1335 2270 efficeretque

210 2317 252 2363 ne
274 2297 422 2362 funditus
444 2298 589 2361 interiret
612 2298 757 2362 devictus
776 2299 945 2362 exercitus.
967 2296 1050 2386 OtI,
1068 2299 1096 2382 1,
1109 2300 1146 2362 4:
1167 2298 1334 2364 Mindarus

209 2411 321 2489 ε’βονίθει
343 2408 394 2474 ἐπὶ
417 2409 470 2483 πίον
495 2407 667 2474 θοίλοιτπαν.
754 2407 831 2484 θ”ποος
850 2407 1000 2488 ἀναλάβοι
1019 2408 1076 2482 πάς
1096 2409 1177 2489 μετά
1196 2410 1332 2491 Δυριέυς.

254 2526 345 2611 VIH,
376 2528 427 2590 23.
459 2525 605 2610 Spartani
635 2525 786 2591 Rhodum
822 2529 959 2592 mittunt
987 2526 1146 2590 Ecdicum
1172 2546 1247 2591 cum
1272 2531 1336 2592 ocio

211 2638 350 2704 navibus
375 2639 406 2722 (ξ
425 2640 487 2720 20).
509 2637 617 2714 Quum
639 2644 745 2704 autem
768 2645 963 2724 cognossent
976 2659 1051 2704 enm
1065 2638 1212 2704 hostibus
1224 2659 1333 2723 parem

211 2773 276 2818 non
300 2773 379 2837 esse,
400 2754 576 2817 'seleutiam
601 2752 714 2817 iubent
732 2773 806 2817 cum
829 2753 997 2818 duodecim
1023 2752 1161 2818 navibus
1185 2750 1336 2837 Cnidum,

211 2865 268 2931 ubi
303 2871 382 2931 tunc
415 2865 555 2930 Ecdicus
587 2867 709 2930 otiosus
741 2865 936 2949 remanebat,
959 2866 1031 2931 vela
1064 2866 1146 2949 dare,
1167 2865 1279 2949 illique
1299 2868 1335 2930 in

210 2983 348 3066 imperio
372 2980 550 3045 succedere.
574 2979 588 3043 ἀ
610 2978 642 3044 δὲ
667 2979 841 3053 Τελευτίας,
865 2976 928 3042 ἐπεί
950 2977 1076 3059 ἀφίκετο
1095 2977 1134 3050 είς
1153 2976 1207 3051 τὴν
1220 2975 1333 3057 Σάμον,

211 3093 388 3175 προσλαβὼν
410 3093 516 3157 ἐκεῖθεν
540 3095 612 3166 ναῦς
635 3089 775 3157 ἔπλευσεν
797 3092 837 3166 είς
862 3092 976 3158 Κνίδον.
1000 3091 1080 3156 Mox
1102 3097 1210 3157 autem
1236 3093 1268 3175 (ᾗ
1280 3093 1335 3176 24)

210 3209 437 3292 cognoscimus
457 3206 603 3290 classem,
624 3227 720 3290 quam
743 3207 903 3272 Tolentias
918 3206 1069 3270 Rhodum
1084 3206 1224 3290 duxerit,
1234 3206 1336 3272 fuisse

210 3323 345 3386 navium
368 3321 481 3404 cipiati
501 3325 623 3402 sepiem.
648 3319 734 3405 Ergo
756 3325 870 3402 septem
892 3340 991 3386 naves
1013 3340 1032 3384 a
1050 3319 1185 3384 Rhodiis
1206 3323 1335 3407 accepit,

210 3436 308 3520 idque
339 3440 371 3500 et
399 3436 508 3519 ipsum
541 3433 658 3518 verbis,
690 3454 772 3520 quae
795 3435 901 3517 citavi,
925 3432 1173 3518 significandum
1199 3439 1275 3518 erat,
1299 3438 1336 3499 nt

210 3550 330 3633 opinor.
357 3547 392 3612 Si
414 3549 502 3612 enim
527 3547 718 3632 simpliciter
740 3550 811 3620 ναῦς
835 3547 1014 3632 scripsisset
1035 3545 1228 3631 Xenophon,
1246 3549 1336 3613 nulla

210 3663 340 3726 numeri
373 3663 503 3726 notione
534 3661 650 3744 addita,
680 3680 737 3746 pro
767 3660 872 3724 ἐκεῖθεν
903 3659 1075 3724 dicendum
1100 3664 1169 3724 erat
1191 3659 1332 3724 κάκεῖθεν.

210 3774 424 3842 Inserendum
460 3794 534 3860 ergo
568 3772 766 3838 vocabulum
801 3771 881 3836 ἑππά
914 3773 1044 3838 videtur
1077 3773 1163 3836 inter
1198 3776 1270 3845 ναῦς
1305 3779 1337 3839 et

209 3887 357 3953 ἔπλευσεν.
383 3887 428 3952 cf.
450 3888 490 3971 V,
515 3889 544 3972 l,
568 3888 628 3951 10:
654 3885 829 3968 προσλαβὼν
853 3886 884 3951 δὲ
909 3883 976 3949 καί
1000 3883 1157 3959 Ἀθνίννθεν
1180 3883 1280 3957 ἀλλοις
1302 3911 1336 3951 πε

211 4007 283 4076 ναῦς
306 4001 358 4066 καί
382 4000 515 4074 ὁπλίτας.
1202 4059 1207 4068 .

254 4117 344 4200 VIII,
377 4118 427 4181 32.
460 4115 624 4200 Spartanis
654 4134 732 4179 cura
754 4115 870 4179 iniecta
895 4118 945 4178 est
966 4113 1157 4178 certioribus
1180 4113 1272 4178 factis
1296 4115 1335 4179 de

211 4250 362 4316 prospera
388 4228 525 4312 fortuna,
551 4249 615 4312 qna
637 4230 671 4292 in
693 4228 903 4313 Hellesponto
927 4229 978 4292 usi
1003 4233 1079 4291 sunt
1102 4227 1333 4309 Atheniensem

209 4345 360 4429 impetrat
391 4362 465 4428 ergo
497 4342 536 4406 ab
560 4342 698 4427 Ephoris
721 4340 915 4426 Anaxibius,
939 4346 975 4406 ut
998 4343 1180 4407 harmastus
1201 4343 1334 4408 nomine
