3352 5260
873 606 935 670 150

475 799 573 876 toque
603 791 812 876 lepidioribus
838 793 1036 876 argumentis
1058 792 1091 854 in
1115 810 1175 855 sua
1198 791 1367 876 disciplina
1390 793 1463 855 reti·

474 925 551 970 nere
585 910 719 969 conatus
750 909 841 987 esset,
865 924 962 989 quam
995 923 1078 988 quae
1102 905 1153 968 hic
1176 903 1216 968 ab
1240 904 1467 989 interpolatore

475 1024 553 1083 sunt
587 1019 706 1102 posita:
740 1038 815 1082 nam
848 1017 876 1081 si
906 1018 1061 1082 adversus
1092 1036 1147 1082 eos
1170 1017 1271 1081 tristis
1295 1022 1326 1082 et
1349 1018 1467 1082 morosi

476 1131 692 1215 ludimagistri
713 1150 880 1215 personam
905 1132 1095 1215 sumpsisset
1119 1169 1161 1178 -
1186 1131 1247 1195 hoc
1266 1136 1374 1195 antem
1393 1150 1468 1196 eum

476 1244 509 1326 §⁰
533 1246 552 1308 5
575 1245 680 1310 facere
705 1245 778 1329 quis
803 1244 955 1329 negabit?
977 1283 1018 1291 -
1039 1243 1266 1326 ἀμεταστρεπτί
1281 1245 1468 1330 eumfugis-

478 1365 558 1442 sent,
582 1378 817 1443 nunquamque
839 1358 1017 1423 rediissent.

388 1471 515 1549 Quanto
558 1474 670 1557 capitis
702 1473 720 1537 I
754 1473 883 1557 ineptiis
919 1472 1117 1556 colloquium
1152 1491 1228 1537 cum
1262 1471 1468 1556 Euthydemo

343 1589 380 1666 (c.
410 1587 454 1668 II)
477 1588 633 1672 praestat!
659 1586 750 1651 Nihil
771 1585 954 1672 Xenophon
977 1587 1093 1652 melius
1114 1586 1347 1671 pulchriusque
1370 1586 1470 1671 scrip-

344 1701 394 1783 sit,
417 1701 499 1763 nihil
522 1700 608 1784 quod
631 1700 760 1764 maioris
784 1701 826 1764 sit
847 1700 1010 1782 momenti,
1030 1703 1061 1764 et
1084 1699 1124 1763 ad
1148 1698 1311 1764 Socratem
1335 1718 1470 1784 cognos-

344 1813 481 1879 cendum
512 1813 633 1878 utilius.
663 1812 735 1877 Hoc
766 1814 853 1876 enim
882 1812 1080 1896 colloquium
1107 1813 1164 1896 qui
1194 1817 1340 1878 accurate
1367 1813 1470 1897 perle-

343 1927 434 2012 gerit,
464 1925 612 1992 lubenter
642 1925 802 2007 concedet,
830 1944 934 1990 errare
956 1925 1028 1990 illos
1051 1927 1110 2010 qui
1131 1924 1379 2010 Xenophontem
1402 1945 1470 1991 non

343 2042 453 2125 magni
479 2040 606 2123 faciant,
630 2057 770 2123 eumque
796 2038 1035 2121 „mediocrem”
1058 2038 1247 2123 appellando
1270 2057 1305 2104 se
1328 2044 1470 2104 coutem—

344 2173 420 2220 nere
451 2155 638 2239 significent.
670 2153 753 2218 Nam
784 2171 867 2238 quae
896 2153 992 2218 fuerit
1023 2152 1162 2218 Socratis
1193 2153 1362 2237 institutio,
1390 2153 1469 2238 quid

345 2268 406 2335 sibi
438 2269 577 2334 voluerit
610 2268 666 2332 illa
697 2267 916 2350 interrogandi
947 2266 1218 2350 examinandique
1250 2268 1340 2350 ratio,
1371 2287 1483 2350 quam·

344 2379 471 2460 ἔλεγχον
504 2400 666 2463 vocamus,
700 2399 741 2444 ne
775 2379 919 2444 Platonis
954 2379 1084 2463 quidem
1114 2379 1232 2464 dialogi
1255 2385 1320 2443 tam
1344 2381 1470 2464 egregie

330 2496 470 2578 docent,
504 2515 602 2578 quam
633 2494 747 2559 haecce
778 2493 916 2558 Socratis
947 2513 1020 2558 oum
1052 2493 1255 2575 Euthydemo
1287 2494 1469 2578 disputatio,

344 2611 392 2676 Eo
417 2615 523 2674 autem
546 2610 676 2672 nomino
699 2607 750 2672 vel
773 2609 914 2671 maxima
936 2607 1031 2671 laude
1053 2607 1149 2691 digna
1172 2612 1258 2689 sunt,
1280 2627 1363 2690 quac
1387 2608 1406 2690 ξ
1426 2609 1468 2672 40

345 2731 509 2808 tamquam
540 2721 725 2786 illustrandi
754 2740 852 2785 causa
877 2720 1047 2784 adduntur.
1070 2719 1133 2784 Sed
1157 2720 1286 2784 omnino
1309 2738 1347 2784 ca
1370 2722 1469 2788 totius

346 2838 499 2922 colloquii
528 2841 577 2902 est
599 2836 800 2920 praestantia,
824 2853 861 2898 ea
885 2835 1041 2898 sermonis
1061 2833 1227 2918 elegantia,
1250 2838 1287 2899 ut
1309 2835 1386 2900 satis
1409 2835 1469 2898 mi-

345 2953 409 3018 rari
432 2970 498 3013 non
521 2950 651 3034 possim,
674 2954 739 3012 tam
763 2949 819 3013 diu
843 2967 946 3032 aequo
970 2950 1075 3012 animo
1098 2950 1185 3014 viros
1205 2949 1314 3014 doctos
1332 2950 1469 3034 ineptias

345 3067 418 3130 illas
451 3064 572 3140 tulisse,
606 3083 745 3148 quarum
776 3064 812 3126 in
847 3061 1110 3128 Memorabilibus
1144 3083 1260 3147 magna
1290 3069 1339 3129 est
1370 3065 1468 3151 copia.

346 3179 471 3243 Auctor
504 3179 588 3242 enim
624 3175 690 3260 tibi,
719 3175 839 3257 Lector,
871 3195 943 3240 sum
975 3180 1021 3258 nt,
1050 3175 1209 3259 colloquio
1240 3195 1313 3240 cum
1345 3175 1470 3258 Euthy-

348 3293 439 3356 demo
471 3290 621 3374 perlecto,
653 3290 760 3354 statim
792 3289 832 3352 ad
866 3288 1022 3373 caputIV
1045 3289 1119 3354 libri
1143 3291 1237 3373 primi
1261 3295 1413 3374 transeas,
1438 3295 1469 3355 ct

347 3411 453 3470 tecum
478 3408 608 3486 statuae,
630 3422 709 3467 num
729 3408 904 3487 utrumque
923 3407 1018 3487 caput
1037 3402 1077 3467 ab
1096 3403 1208 3469 eodem
1226 3405 1379 3488 scriptore
1397 3424 1469 3490 pro-

346 3519 466 3584 fectum
490 3536 559 3582 esse
582 3516 745 3601 probabile
766 3517 921 3581 videatur.

393 3632 495 3717 Caput
516 3631 567 3695 III
591 3650 717 3696 summo
739 3632 809 3696 inre
832 3630 1023 3696 Schenklius
1042 3635 1074 3696 et
1092 3629 1279 3696 Dindoriius
1299 3632 1467 3698 damnant:

349 3768 415 3812 non
446 3748 532 3812 enim
562 3745 810 3831 Xenophontem
841 3745 934 3810 credo
964 3765 1108 3829 unquam
1139 3749 1204 3810 tam
1234 3746 1356 3811 insulse
1385 3749 1470 3838 puti-

349 3863 453 3946 deque
476 3860 614 3926 scribere
635 3861 785 3944 potuisse.
1125 3936 1128 3941 ,

395 3974 496 4059 Caput
526 3974 574 4038 IV
603 3973 848 4058 improbandum
879 3972 1009 4057 quidem
1032 3991 1097 4036 non
1120 3976 1169 4037 est
1191 3972 1376 4054 (dummodo
1400 3993 1468 4038 eam

349 4095 471 4174 partem
502 4089 642 4173 excipias
674 4107 770 4172 quam
804 4086 995 4152 Schenklius
1027 4087 1165 4169 damnat,
1194 4087 1299 4168 1-4),
1322 4088 1377 4152 sed
1399 4107 1469 4173 per-

350 4223 442 4268 verso
465 4203 534 4268 loco
552 4203 709 4286 positum:
730 4207 785 4266 aut
805 4203 890 4266 enim
911 4201 1102 4265 documento
1123 4219 1193 4265 csse
1212 4201 1346 4285 scriptor
1358 4202 1469 4287 voluit,

350 4337 434 4402 quae
465 4317 562 4382 fucrit
597 4315 733 4380 Socratis
769 4317 803 4379 in
836 4315 1019 4380 refellendis
1054 4315 1205 4399 sophistis
1235 4315 1348 4399 peritia
1377 4317 1468 4398 (illud
