3354 5268
900 645 941 706 58

361 829 530 912 rumpitur,
560 827 729 893 deteriores
760 829 916 912 integram
950 834 1135 908 servarunt,
1159 829 1305 894 meliores
1329 830 1367 895 de
1391 851 1484 896 more

362 942 439 1005 dant
460 938 746 1020 ποιουσκευύσοοσύυο.

403 1054 461 1135 ΙΙΙ,
487 1055 514 1135 1,
539 1054 579 1116 26
605 1055 617 1117 ὁ
642 1052 696 1130 μὲν
719 1053 806 1117 τοῦτ’
835 1051 941 1127 ἔλεξεν,
966 1055 990 1118 οἱ
1012 1054 1043 1118 δὲ
1068 1053 1247 1128 οέκούσοοντες
1266 1055 1396 1134 >inficiat
1415 1056 1482 1121 ἐκέ-

359 1180 439 1230 λευον
463 1165 580 1238 πάντες.
606 1167 656 1232 Ita
680 1187 754 1233 cum
778 1167 894 1233 Cobeto
918 1170 1106 1254 legendum3
1129 1171 1286 1235 inutiliter
1308 1176 1379 1255 post
1400 1171 1424 1235 oi
1442 1169 1478 1235 δὲ

361 1283 530 1346 deteriores
548 1285 695 1347 inserunt
717 1282 854 1360 λοχοονοί,
878 1283 1014 1348 absurde
1037 1284 1182 1348 meliores
1206 1284 1341 1364 ἐρχηνοί.

403 1396 461 1477 ΙΙΙ,
487 1397 514 1478 1,
538 1398 579 1460 28
603 1397 790 1462 Rectissime
812 1399 846 1460 in
870 1397 1079 1462 deterioribus
1101 1400 1186 1462 inter
1208 1418 1242 1463 se
1263 1405 1476 1482 opponuntur

361 1508 538 1589 ποοροοδύντες
560 1509 600 1572 τοὶ
622 1507 702 1573 ύπλοο
724 1517 754 1575 et
777 1507 1002 1587 ἐξωπλισμένους
1028 1512 1173 1576 meliores
1189 1531 1253 1575 non
1273 1531 1404 1577 sensum
1418 1514 1478 1577 scd

360 1624 495 1688 formam
519 1626 620 1688 secuti
643 1620 864 1701 ἐξοπλισάμενοι
888 1625 971 1688 dant.

405 1737 463 1801 ΙΠ.
487 1740 517 1820 4,
539 1741 582 1802 48
605 1737 785 1822 Xenophon
812 1738 850 1802 de
874 1758 956 1822 equo
977 1739 1090 1821 desilit,
1110 1740 1213 1822 mihti,
1226 1741 1283 1822 qui
1303 1739 1342 1804 de
1352 1741 1479 1804 itineris

362 1852 507 1916 molestia
537 1858 731 1936 conquestus
756 1857 830 1935 erat,
854 1852 1002 1936 clypeum
1027 1852 1146 1935 adimit,
1169 1859 1200 1917 et
1221 1853 1317 1936 pedes
1340 1853 1478 1918 incedit:

361 1963 511 2043 ἐτύνχοονε
545 1962 575 2027 δὲ
611 1963 662 2028 uui
698 1964 811 2044 ύύροοκοο
845 1963 922 2044 ἔχων
952 1965 1000 2028 τὸν
1031 1965 1155 2037 ἱππικὸν,
1181 1962 1254 2028 ύστε
1276 1963 1411 2044 ἐπιέζετο.
1436 1966 1479 2030 Iu

362 2078 546 2142 melioribus
568 2077 680 2143 foedus
704 2079 912 2143 soloecismus
935 2076 1058 2158 πεέζοοτο
1081 2079 1206 2163 legitur.
1297 2085 1300 2090 '

405 2192 446 2273 V,
477 2193 506 2273 2,
538 2192 579 2254 26
611 2191 634 2254 οἱ
663 2189 694 2254 δὲ
724 2189 805 2254 κοντοὶ
830 2188 929 2268 στύμοι
951 2190 985 2262 δὴ
1009 2187 1051 2254 ἔτι
1075 2189 1154 2267 μύνοο
1177 2189 1299 2255 ἐλύπουν
1321 2191 1373 2256 κού
1397 2191 1480 2264 δῆλον

362 2299 436 2378 ἦσυν
468 2303 510 2368 ὅτι
541 2303 740 2368 ἐποκείσοντοοο.
770 2305 912 2370 Verbum
945 2299 1030 2389 ἧσσον,
1053 2327 1116 2390 quo
1140 2306 1229 2370 nullo
1253 2308 1346 2371 modo
1371 2327 1480 2373 carere

361 2438 543 2503 possumus,
565 2420 598 2481 in
623 2418 806 2482 melioribus
831 2418 927 2483 abest.

404 2531 443 2614 V,
476 2532 505 2613 6,
534 2534 563 2593 4.
594 2531 633 2595 In
656 2529 880 2615 Xenophontis
903 2533 1042 2596 oratione
1065 2533 1104 2596 ad
1129 2534 1246 2597 milites
1269 2535 1338 2616 ipsa
1363 2539 1479 2598 natura

361 2645 481 2728 flagitat
507 2645 539 2708 id
564 2645 649 2728 quod
674 2644 842 2709 deteriores
866 2644 1033 2728 praebent:
1058 2641 1094 2708 ἐον
1117 2645 1171 2722 μὲν
1195 2637 1226 2708 εὖ
1248 2645 1477 2723 συμβουλεύσας

361 2761 447 2839 Φοννῶ
481 2757 585 2822 πολλοὶ
620 2754 752 2820 ἐσεσύε
782 2757 806 2821 οἱ
834 2755 1016 2830 ε’ποοονοῦντές
1047 2782 1095 2836 με.
1127 2758 1275 2823 Meliores
1297 2779 1353 2843 pro
1377 2756 1476 2822 ἔσεσθε

361 2872 478 2936 habent
500 2868 622 2936 ἐσοντου.

406 2986 461 3068 VI,
487 2987 514 3068 l,
537 2988 558 3048 4
581 2985 698 3050 Milites
720 2983 862 3048 ἐδείπνουν
884 2985 1087 3062 κατακείμενον
1110 2986 1138 3048 ἐν
1161 2983 1477 3064 rrrssdrnmiliti-

363 3100 422 3163 bus
455 3101 630 3182 castrisque
660 3101 894 3163 convenienter.
924 3098 997 3163 Non
1019 3101 1064 3163 ita
1086 3102 1192 3164 risum
1217 3100 1401 3164 melioribus
1424 3101 1476 3165 vel

360 3215 467 3298 potius
490 3232 600 3276 eorum
625 3215 762 3278 auctori:
786 3210 955 3288 σκνμπύδοος
980 3215 1065 3277 enim
1087 3215 1126 3278 iis
1149 3214 1269 3278 tribuit.

405 3327 462 3407 VI,
486 3330 514 3409 5,
541 3328 580 3389 17
605 3324 656 3390 κυέ
680 3326 796 3398 τούτους
820 3321 875 3390 οἷδ’
900 3323 942 3390 ύτν
965 3324 1098 3391 ἐπούντυν
1122 3326 1176 3404 μὲν
1201 3327 1282 3404 ἡμῶν
1306 3328 1365 3392 οὐδ’
1390 3328 1476 3406 ὑμεῖς

360 3439 495 3520 ἐλπίζετε
528 3436 658 3512 iliardae
691 3439 781 3517 intr.
817 3441 905 3504 Nihil
935 3441 1140 3525 intelligebat,
1172 3443 1228 3524 qui
1258 3443 1380 3526 primus
1404 3449 1476 3526 post

360 3553 493 3634 ἐλπίζετε
514 3556 649 3619 inseruit
672 3551 787 3628 οούτούς,
812 3555 897 3638 quod
920 3574 1007 3618 nunc
1029 3557 1063 3618 in
1087 3555 1271 3619 melioribus
1295 3555 1419 3640 legitur.

405 3668 478 3750 VH,
502 3669 530 3750 7,
553 3670 604 3732 46.
627 3668 765 3732 Pulchre
788 3674 819 3732 et
842 3668 1001 3752 eleganter
1024 3669 1228 3733 dictumest:
1249 3669 1306 3745 ἐγὼ
1328 3668 1382 3746 μὲν
1394 3661 1475 3745 οἶμοι

361 3781 478 3854 πύντοις
500 3781 661 3862 οὲνύρύπους
684 3780 806 3861 νομίζειν
829 3779 937 3846 εύνονοον
961 3781 1017 3845 δεῖν
1039 3783 1210 3846 οέποκεῖσύου
1231 3781 1331 3862 τούτῳ,
1353 3783 1421 3862 παρ’
1443 3777 1475 3846 οὗ

361 3895 396 3961 ἐν
426 3895 500 3977 aeia
526 3920 570 3969 τος
594 3895 749 3976 λομβοένμ
775 3897 997 3962 Pessumdedit
1020 3899 1207 3981 elegantiam
1231 3903 1262 3961 et
1285 3898 1473 3962 sententiam

360 4012 545 4096 languidam
575 4013 780 4095 ieiunamque
808 4012 944 4075 reddidit
975 4013 1011 4093 ie,
1043 4013 1099 4095 qui
1129 4011 1231 4074 effecit
1261 4017 1297 4074 ut
1319 4031 1374 4094 pro
1397 4010 1472 4073 οέπο-

360 4124 468 4187 κεῖσύοον
490 4125 616 4208 legatur
638 4126 672 4188 in
695 4123 880 4188 melioribus
903 4122 1132 4186 οἶποδείκνυσύου.

403 4238 476 4320 VII,
511 4240 540 4321 8,
575 4240 593 4300 2
629 4237 846 4322 Interrogatus
879 4237 918 4301 ab
949 4237 1081 4301 Euclide
1112 4237 1251 4300 Phliasio
1282 4235 1473 4321 Xenophon,

359 4357 510 4436 quantam
543 4353 711 4435 pecuniam
743 4369 850 4415 secum
881 4369 922 4415 ex
953 4349 1031 4414 Asia
1052 4351 1147 4414 ferret
1169 4347 1319 4426 ἐπομόσοος
1341 4341 1469 4422 rimari
