3348 5262
896 634 960 698 228

367 823 487 890 bilibus
522 823 611 886 locos
645 820 803 905 colligere,
840 819 896 885 ubi
929 819 1110 904 Xenophon
1142 818 1182 882 ad
1211 837 1264 882 eas
1288 837 1338 882 res
1362 799 1495 902 alludat,

370 957 450 1021 quas
476 935 537 1000 soli
560 934 698 998 Socratis
720 933 892 998 familiares
916 934 1059 1017 cognitas
1082 932 1199 997 habere
1217 933 1386 1016 potuerint
1407 931 1492 996 Nam

371 1051 458 1136 quod
489 1050 592 1134 turpis
625 1049 809 1130 sententiae,
840 1067 936 1132 quam
967 1047 1147 1112 Pausaniae
1169 1045 1279 1110 obiicit
1301 1045 1493 1132 Xenophon,

368 1171 490 1250 partem
526 1163 655 1227 alteram
691 1181 755 1226 non
790 1161 970 1226 Pausaniae
1003 1161 1059 1226 sed
1091 1161 1236 1225 Phaedro
1266 1160 1379 1224 tribuit
1401 1160 1495 1224 Plato

369 1279 448 1342 mihi
479 1278 646 1361 perexigui
674 1277 828 1340 momenti
851 1276 979 1340 videtur
1001 1275 1041 1339 ad
1065 1294 1176 1339 eorum
1200 1275 1381 1358 opinionem
1406 1273 1497 1338 infir-

370 1392 529 1472 mandam,
553 1391 609 1474 qui
632 1388 797 1453 Platonem
822 1394 895 1472 post
917 1388 1165 1472 Xenophontem
1185 1386 1376 1451 Convivium
1397 1407 1497 1451 suum

371 1505 536 1589 scripsisse
577 1502 866 1585 Xenophontisque
909 1499 1101 1566 Convivium
1135 1505 1308 1584 antequam
1342 1500 1498 1564 scriberet

370 1618 486 1702 legisse
519 1621 659 1698 censent,
693 1617 855 1698 mirorque
885 1616 972 1679 viros
1003 1615 1122 1697 doctos
1147 1616 1204 1697 qui
1234 1615 1278 1677 ita
1301 1613 1340 1677 de
1361 1615 1497 1697 ratione,

373 1750 455 1814 quae
477 1731 561 1794 inter
583 1735 758 1812 utrumque
783 1727 975 1792 Convivium
998 1728 1180 1810 intercedat,
1200 1727 1303 1811 deque
1322 1728 1496 1810 utriusque

372 1849 514 1926 tempore
548 1846 702 1923 statuunt,
736 1841 823 1905 illam
859 1841 1068 1905 differentiam
1099 1841 1228 1923 dignam
1258 1839 1417 1923 habuisse,
1441 1842 1497 1904 oni

373 1955 580 2040 explicandae
604 1973 731 2038 operam
756 1954 875 2018 darent.
900 1952 1044 2030 Quorum
1067 1952 1256 2018 Schenklius
1277 1958 1382 2016 totum
1400 1952 1495 2016 illum

373 2070 412 2133 de
441 2068 602 2134 Pausania
624 2069 732 2132 locum
758 2073 868 2151 postea
891 2088 911 2131 a
932 2066 1155 2152 Xenophonte,
1179 2086 1279 2150 quum
1301 2067 1365 2130 iam
1389 2065 1496 2130 Plato-

374 2185 485 2247 nicum
508 2181 700 2246 convivium
722 2183 757 2244 in
776 2183 882 2246 lucem
901 2182 1080 2265 prodiisset,
1101 2179 1254 2244 Convivio
1266 2199 1324 2244 suo
1337 2181 1496 2245 insertum

373 2317 442 2362 esse
465 2299 602 2379 coniicit,
626 2295 819 2379 Roquettius
840 2295 1066 2380 Xenophontis
1091 2295 1129 2359 de
1152 2294 1312 2359 Pausania
1334 2295 1431 2360 verba
1455 2295 1496 2358 ad

373 2413 539 2476 Platonem
563 2410 727 2475 referenda
750 2429 820 2474 esse
842 2414 937 2493 negat
959 2410 1096 2493 ideoque
1118 2408 1299 2473 Thiersohio
1320 2409 1497 2473 assentitur

376 2525 518 2589 consenti
541 2522 788 2607 Xenophontem
813 2522 899 2600 araba
919 2521 1046 2603 ἐρωτικόν
1066 2545 1084 2588 a
1103 2523 1263 2588 Pausania
1282 2525 1495 2607 compositum

375 2643 542 2721 spectasse.
571 2635 706 2720 Operam
730 2637 809 2700 mihi
831 2637 963 2720 perdere
986 2638 1137 2702 videntur
1159 2657 1278 2719 omnes,
1302 2639 1359 2721 qui
1383 2658 1498 2721 quam·

374 2770 503 2835 cunque
537 2751 665 2814 tandem
698 2751 786 2815 illius
823 2751 1018 2816 differentiae
1053 2756 1211 2834 quaerunt
1240 2752 1495 2834 explicationem.

375 2863 438 2928 Fac
460 2864 544 2927 enim
570 2883 682 2927 verum
705 2882 775 2928 esse
800 2864 886 2948 quod
908 2864 1060 2946 dicebam,
1083 2864 1250 2930 Platonem
1269 2863 1495 2948 Xenophontis

376 2977 566 3041 Convivium
602 2978 740 3042 refutare
773 2979 928 3042 voluisse:
960 2997 1068 3041 nonne
1100 2980 1130 3041 ei
1159 2978 1274 3041 licebat
1296 2979 1496 3060 sententiam,

322 3085 324 3090 ’
376 3111 471 3175 quam
496 3089 675 3155 Pausaniae
698 3091 853 3155 tribuerat
875 3089 1066 3174 Xenophon,
1085 3093 1169 3155 inter
1188 3089 1382 3155 Pausaniam
1395 3089 1497 3155 Phae-

375 3203 533 3286 drumque
557 3203 706 3285 dividere,
726 3204 914 3286 nudamque
932 3202 1033 3267 fuisse
1053 3223 1191 3286 causam,
1203 3223 1302 3287 quare
1320 3204 1380 3267 hoo
1393 3204 1497 3268 facere

375 3315 502 3380 Platoni
524 3316 656 3398 luberet,
680 3317 870 3382 contendere
893 3317 1084 3381 audebimus
1106 3324 1272 3402 propterea
1296 3318 1392 3400 quod,
1413 3337 1496 3401 quae

376 3449 472 3493 causa
495 3428 591 3494 fuerit
613 3430 822 3513 ignoramus?

419 3541 463 3607 Ut
486 3561 560 3626 ergo
583 3543 617 3605 in
643 3562 746 3606 unum
766 3543 959 3626 contraham,
980 3563 1061 3626 quae
1078 3544 1172 3607 modo
1185 3544 1338 3628 dicebam,
1350 3563 1498 3628 quaeque

375 3676 472 3740 supra
503 3656 672 3740 disputavi,
703 3676 769 3720 non
801 3657 911 3720 dubito
944 3658 989 3721 sic
1013 3662 1167 3722 statuere:
1192 3658 1358 3722 Platonem
1384 3657 1498 3722 Xeno-

375 3770 504 3854 phontis
536 3768 690 3833 Oonvivio
721 3790 823 3853 quum
852 3791 947 3834 suum
970 3777 1150 3855 opponeret,
1175 3791 1256 3856 quae
1278 3773 1363 3857 apud
1386 3771 1498 3837 Xeno-

376 3883 529 3966 phontem
552 3888 716 3967 tamquam
740 3883 919 3950 Pausaniae
938 3886 1093 3949 sententia
1111 3885 1278 3969 profertur,
1291 3889 1361 3951 eius
1372 3891 1495 3971 partem

378 3997 485 4080 aliqua
509 3996 547 4059 de
569 4016 674 4080 causa,
695 3998 870 4081 quamlibet
890 3997 1026 4062 obscura
1046 3999 1219 4083 ignotaque
1237 4000 1339 4083 nobis,
1351 4000 1497 4064 Phaedro

375 4111 556 4196 assignasse
579 4110 751 4176 admodum
775 4117 822 4176 est
845 4111 1014 4192 credibile,
1040 4112 1095 4176 sed
1118 4113 1265 4177 miraculi
1282 4115 1385 4178 instar
1404 4118 1498 4197 esset,

377 4222 624 4306 Xenophontem
648 4223 791 4289 Platonis
811 4225 1014 4308 vituperandi
1033 4232 1304 4311 causatamquam
1316 4226 1497 4292 Pausaniae

377 4338 566 4401 senteutiam
589 4338 761 4420 protulisse
784 4343 814 4402 et
836 4338 1036 4422 improbasse
1059 4357 1138 4424 eam,
1162 4360 1258 4425 quam
1282 4341 1368 4426 apud
1391 4341 1498 4404 Plato-
