3354 5268
347 765 446 829 libris.
469 763 533 828 llas
555 738 661 828 tamen
683 783 734 828 ros
757 782 943 828 enumerare
964 763 1165 848 supersedet:
1187 767 1252 828 tam
1265 765 1391 829 0011101
1404 767 1465 828 stat

351 879 514 943 sententia
545 876 655 942 Morus
678 896 753 962 ergo
775 879 807 940 in
831 876 993 942 Historiae
1017 877 1156 941 Graecae
1179 877 1318 941 aditione
1341 879 1464 942 coniec-

351 991 448 1056 tando
484 991 564 1056 duas
598 990 722 1055 Usserii
756 989 878 1070 1111111111
908 972 1084 1074 repperisse
1115 990 1176 1054 sibi
1208 991 1343 1072 videtur,
1366 1011 1465 1054 unam

352 1105 440 1168 addit
473 1104 687 1169 Schneiderus
720 1105 865 1187 (uterque
898 1105 938 1168 ad
966 1103 1007 1167 H.
1031 1103 1083 1167 Gr.
1106 1103 1166 1186 III,
1192 1105 1219 1186 1,
1244 1105 1283 1186 1).
1307 1103 1465 1187 Equidem

351 1223 428 1284 istas
449 1221 555 1304 nugas
579 1238 644 1282 non
669 1238 817 1301 morarer,
839 1221 903 1283 nisi
927 1218 1005 1282 mihi
1025 1218 1150 1282 viderer
1169 1238 1267 1282 unam
1287 1218 1467 1302 discrepan-

352 1335 430 1398 tiam
454 1334 569 1397 mahus
592 1334 702 1398 tollere
724 1351 817 1417 posse
842 1352 939 1416 quam
963 1331 1095 1396 antehac
1117 1332 1236 1396 factum
1264 1333 1313 1396 sit.
1385 1395 1387 1402 ,

400 1446 517 1512 Classis
541 1468 559 1512 a
582 1445 745 1530 Spartanis
767 1446 890 1510 auxilio
914 1444 997 1528 Cyro
1021 1447 1119 1510 missa
1140 1446 1174 1508 in
1194 1445 1338 1509 Historia
1349 1445 1469 1510 Graeca

354 1561 495 1627 Samium
519 1562 617 1646 (apud
636 1560 810 1625 Diodorum
832 1559 946 1625 Samus
966 1563 1119 1642 vocatur),
1131 1561 1165 1623 in
1184 1560 1328 1624 Anabasi
1342 1561 1382 1643 (1,
1395 1561 1424 1642 4,
1438 1560 1468 1640 2)

353 1675 566 1758 Pythagoram
591 1674 704 1738 ducem
728 1673 829 1738 habat.
853 1672 933 1737 Rem
956 1675 1000 1737 111
1023 1672 1160 1756 explicat
1185 1671 1295 1737 Morus
1321 1679 1356 1737 ut
1377 1674 1470 1758 dicat,

353 1788 568 1872 Pythagoram
602 1793 711 1871 postea
743 1789 877 1851 missum
912 1806 990 1868 asse,
1021 1806 1123 1870 quum
1156 1789 1220 1850 iam
1244 1787 1371 1852 Samius
1394 1807 1467 1851 curn

353 1902 557 1987 paucioribus
580 1901 718 1965 navibus
740 1902 774 1964 in
798 1902 878 1965 Asia
901 1905 992 1964 esset.
1015 1900 1118 1982 Pulsa,
1141 1905 1177 1964 ut
1201 1902 1328 1984 opinor:
1348 1903 1469 1985 inspice

355 2018 448 2080 modo
472 2017 578 2080 locum
602 2017 634 2078 in
656 2013 807 2097 Anabasi,
830 2014 921 2078 facila
944 2014 1107 2098 apparebit
1129 2034 1170 2079 ax
1190 2015 1323 2079 articulo
1344 2013 1384 2088 ui,
1398 2016 1470 2079 nul·

352 2131 415 2194 lam
451 2134 544 2194 antea
578 2150 597 2192 1
631 2128 793 2212 Spartanis
824 2128 958 2192 classem
989 2129 1118 2192 missam
1142 2147 1219 2192 osse.
1243 2127 1357 2212 Itaque
1381 2129 1469 2192 aliud

355 2243 433 2327 quid
463 2262 521 2327 ago
554 2245 709 2326 suspicor,
732 2247 763 2305 et
793 2241 1010 2306 difficultatem
1034 2243 1078 2305 ita
1100 2261 1257 2325 removeo,
1283 2247 1318 2306 ut
1340 2242 1379 2306 de
1403 2262 1468 2306 uno

353 2362 479 2421 tantum
502 2357 591 2438 duce,
614 2355 796 2439 Pythagora
819 2356 956 2437 nomine,
981 2356 1183 2440 cogitandum
1208 2375 1281 2420 esse
1306 2376 1468 2421 censeam:

356 2473 397 2536 ad
427 2474 497 2536 eius
528 2477 634 2535 autem
664 2490 779 2535 nomen
812 2471 975 2554 stupidum
999 2471 1174 2548 librarium,
1198 2473 1255 2554 qui
1278 2472 1339 2536 sibi
1364 2477 1468 2535 tamen

355 2586 468 2650 doctus
500 2582 805 2666 1111011111,Σ1111111
836 2585 1050 2668 adscripsisse,
1075 2585 1172 2668 idque
1195 2605 1312 2649 nomen
1336 2587 1371 2648 in
1393 2585 1469 2648 His·

355 2700 437 2763 10111
471 2697 590 2762 Graeca
620 2702 650 2761 01
681 2697 764 2781 apud
793 2695 970 2762 Diodorum
1000 2699 1130 2762 alterius
1153 2699 1257 2762 locum
1284 2698 1468 2762 obtinuisse.

354 2811 522 2876 Ridiculus
551 2813 685 2876 fortasse
717 2811 908 2895 quibusdam
933 2812 1104 2876 lectoribus
1129 2812 1277 2876 videbor:
1303 2818 1418 2894 tamen,
1443 2815 1469 2876 si

356 2947 420 3010 qua
439 2925 608 2990 difficultas
631 2927 665 2988 in
688 2945 724 2990 00
748 2931 902 3007 versatur,
927 2926 1012 3010 quod
1035 2926 1119 2990 idem
1143 2946 1263 2990 munus
1287 2927 1372 3010 apud
1391 2945 1469 2990 aun·

356 3041 427 3104 dem
452 3043 637 3125 scriptorem
659 3041 750 3104 modo
770 3040 977 3124 Pythagorae,
997 3041 1090 3103 modo
1112 3040 1217 3104 Samio
1230 3040 1391 3123 tribuitur,
1403 3059 1467 3103 non

355 3172 485 3236 possum
521 3173 585 3216 non
622 3153 660 3217 de
695 3154 751 3217 tali
780 3153 901 3216 librarii
932 3154 1098 3217 oscitantia
1129 3157 1274 3238 cogitare.
1298 3153 1411 3237 Neque
1434 3174 1471 3218 ea

356 3271 420 3329 tam
451 3266 646 3329 incredibilis
677 3271 725 3330 est
750 3287 845 3350 quam
871 3267 1013 3330 videtur:
1040 3269 1213 3331 nonenim
1238 3268 1469 3331 multominus

356 3380 503 3464 stupidus
526 3380 596 3460 fuit,
621 3381 676 3463 qui
699 3381 734 3443 in
759 3379 900 3444 Anabasi
919 3379 988 3462 (ΙΙΙ,
1007 3381 1037 3462 4,
1059 3383 1110 3461 15)
1130 3381 1169 3444 ad
1183 3379 1291 3444 zadiar
1304 3382 1471 3465 adscripsit

355 3488 480 3566 τοξόται,
513 3493 563 3556 101
594 3494 650 3576 qui
680 3493 764 3576 apud
795 3491 1010 3574 1111011123,
1036 3495 1087 3574 39)
1111 3494 1308 3558 Heraclitum
1333 3494 1471 3579 Philippi

356 3606 495 3689 legatum
524 3626 598 3670 cunr
622 3606 810 3690 philosopho
835 3607 977 3670 eiusdem
1001 3608 1140 3670 nominis
1166 3607 1317 3688 confudit,
1340 3614 1471 3671 annota-

357 3722 482 3804 vitque:
511 3769 525 3802 „
539 3722 591 3784 cui
615 3739 790 3804 cognomen
815 3719 960 3784 Sooteino
985 3720 1094 3784 datum
1118 3719 1194 3784 est''.

400 3834 522 3898 Verum
547 3836 727 3898 coniectura
752 3853 821 3898 mea
845 3835 884 3898 de
906 3835 1050 3898 Anabasi
1072 3837 1106 3898 in
1127 3835 1206 3899 duas
1218 3840 1332 3920 1111101,
1345 3836 1470 3900 diverso

355 3950 495 4030 temporo
526 3948 634 4028 editas,
658 3947 827 4011 dividenda
857 3949 1012 4011 rationem
1038 3967 1088 4012 1110
1111 3948 1226 4012 habere
1250 3950 1334 4032 cogit
1360 3967 1473 4032 quaes·

355 4061 450 4123 tionis
474 4062 650 4142 cuiusdam,
674 4080 755 4144 quae
779 4080 851 4124 cum
875 4061 930 4123 illa
950 4061 1108 4125 artissime
1130 4062 1284 4126 cohaeret.
1305 4061 1384 4126 llam
1398 4082 1472 4146 ergo

357 4176 505 4257 sequenti
528 4176 629 4259 capite
651 4175 804 4239 tractabo.

818 4357 1010 4365 ——-—-—.
