<?xml version="1.0" encoding="UTF-8"?>
<!DOCTYPE html PUBLIC "-//W3C//DTD XHTML 1.0 Transitional//EN"
    "http://www.w3.org/TR/xhtml1/DTD/xhtml1-transitional.dtd">
<html xmlns="http://www.w3.org/1999/xhtml" xml:lang="en" lang="en">
 <head>
  <title>
</title>
<meta http-equiv="Content-Type" content="text/html;charset=utf-8" />
  <meta name='ocr-system' content='tesseract 3.04.00' />
  <meta name='ocr-capabilities' content='ocr_page ocr_carea ocr_par ocr_line ocrx_word'/>
</head>
<body>
  <div class='ocr_page' id='page_1' title='image "./analectaxenopho00hartgoog_0091.png"; bbox 0 0 3354 5268; ppageno 0'>
   <div class='ocr_carea' id='block_1_1' title="bbox 906 623 946 684">
    <p class='ocr_par' dir='ltr' id='par_1_1' title="bbox 906 623 946 684">
     <span class='ocr_line' id='line_1_1' title="bbox 906 623 946 684; baseline 0 0"><span class='ocrx_word' id='word_1_1' title='bbox 906 623 946 684; x_wconf 79' lang='lat'><strong>76</strong></span> 
     </span>
    </p>
   </div>
   <div class='ocr_carea' id='block_1_2' title="bbox 370 808 1503 2826">
    <p class='ocr_par' dir='ltr' id='par_1_2' title="bbox 370 808 1502 1347">
     <span class='ocr_line' id='line_1_2' title="bbox 374 808 1499 896; baseline -0.003 -18"><span class='ocrx_word' id='word_1_2' title='bbox 374 832 467 896; x_wconf 90' lang='lat' dir='ltr'><strong>,non</strong></span> <span class='ocrx_word' id='word_1_3' title='bbox 489 813 588 876; x_wconf 75' lang='lat' dir='ltr'><strong>deerit</strong></span> <span class='ocrx_word' id='word_1_4' title='bbox 605 808 696 875; x_wconf 88' lang='lat' dir='ltr'><strong>nobis</strong></span> <span class='ocrx_word' id='word_1_5' title='bbox 716 811 910 895; x_wconf 81' lang='lat' dir='ltr'><strong>exemplum,</strong></span> <span class='ocrx_word' id='word_1_6' title='bbox 930 831 994 894; x_wconf 91' lang='lat' dir='ltr'><strong>quo</strong></span> <span class='ocrx_word' id='word_1_7' title='bbox 1013 811 1093 877; x_wconf 92' lang='lat' dir='ltr'><strong>illud</strong></span> <span class='ocrx_word' id='word_1_8' title='bbox 1106 809 1369 893; x_wconf 70' lang='grc' dir='ltr'><em>(ονῶονιάἱρονιαι</em></span> <span class='ocrx_word' id='word_1_9' title='bbox 1381 811 1499 877; x_wconf 86' lang='lat' dir='ltr'><strong>defen-</strong></span> 
     </span>
     <span class='ocr_line' id='line_1_3' title="bbox 370 921 1500 1009; baseline -0.002 -19"><span class='ocrx_word' id='word_1_10' title='bbox 370 924 505 990; x_wconf 87' lang='lat' dir='ltr'><strong>damus&#39;’</strong></span> <span class='ocrx_word' id='word_1_11' title='bbox 529 924 699 1009; x_wconf 84' lang='lat' dir='ltr'><strong>legendum</strong></span> <span class='ocrx_word' id='word_1_12' title='bbox 723 927 771 988; x_wconf 86' lang='lat' dir='ltr'><strong>est</strong></span> <span class='ocrx_word' id='word_1_13' title='bbox 793 923 826 988; x_wconf 78' lang='grc' dir='ltr'><strong>τὸ</strong></span> <span class='ocrx_word' id='word_1_14' title='bbox 849 926 981 987; x_wconf 80' lang='grc' dir='ltr'><em>τοιοῦτον.</em></span> <span class='ocrx_word' id='word_1_15' title='bbox 1008 921 1052 987; x_wconf 84' lang='lat' dir='ltr'><strong>of.</strong></span> <span class='ocrx_word' id='word_1_16' title='bbox 1075 923 1141 988; x_wconf 86' lang='lat' dir='ltr'><strong>Iov.</strong></span> <span class='ocrx_word' id='word_1_17' title='bbox 1164 923 1253 1009; x_wconf 79' lang='lat' dir='ltr'><strong>Trag.</strong></span> <span class='ocrx_word' id='word_1_18' title='bbox 1275 923 1334 988; x_wconf 88' lang='lat'><strong>30:</strong></span> <span class='ocrx_word' id='word_1_19' title='bbox 1355 923 1418 1004; x_wconf 69' lang='grc' dir='ltr'><strong>Φὴς</strong></span> <span class='ocrx_word' id='word_1_20' title='bbox 1431 923 1500 1004; x_wconf 74' lang='grc' dir='ltr'><strong>γὰρ</strong></span> 
     </span>
     <span class='ocr_line' id='line_1_4' title="bbox 373 1031 1500 1117; baseline -0.003 -14"><span class='ocrx_word' id='word_1_21' title='bbox 373 1039 423 1104; x_wconf 78' lang='grc' dir='ltr'><strong>καὶ</strong></span> <span class='ocrx_word' id='word_1_22' title='bbox 445 1036 552 1116; x_wconf 67' lang='grc' dir='ltr'><em>μάντις</em></span> <span class='ocrx_word' id='word_1_23' title='bbox 575 1031 644 1102; x_wconf 78' lang='grc' dir='ltr'><em>εἶναι</em></span> <span class='ocrx_word' id='word_1_24' title='bbox 667 1035 718 1101; x_wconf 74' lang='grc' dir='ltr'><strong>καὶ</strong></span> <span class='ocrx_word' id='word_1_25' title='bbox 741 1036 859 1114; x_wconf 74' lang='grc' dir='ltr'><em>μισθοὺς</em></span> <span class='ocrx_word' id='word_1_26' title='bbox 881 1037 931 1101; x_wconf 79' lang='grc' dir='ltr'><strong>οὐκ</strong></span> <span class='ocrx_word' id='word_1_27' title='bbox 955 1036 1068 1115; x_wconf 73' lang='grc' dir='ltr'><strong>ὀλίγους</strong></span> <span class='ocrx_word' id='word_1_28' title='bbox 1086 1035 1136 1100; x_wconf 76' lang='grc' dir='ltr'><strong>ἐπὶ</strong></span> <span class='ocrx_word' id='word_1_29' title='bbox 1155 1037 1196 1117; x_wconf 80' lang='grc' dir='ltr'><strong>τῷ</strong></span> <span class='ocrx_word' id='word_1_30' title='bbox 1215 1034 1329 1116; x_wconf 78' lang='grc' dir='ltr'><em>τοιούτῳ</em></span> <span class='ocrx_word' id='word_1_31' title='bbox 1341 1033 1500 1111; x_wconf 76' lang='grc' dir='ltr'><em>ἐξέλεξας.</em></span> 
     </span>
     <span class='ocr_line' id='line_1_5' title="bbox 375 1148 1502 1231; baseline -0.004 -13"><span class='ocrx_word' id='word_1_32' title='bbox 375 1153 501 1218; x_wconf 85' lang='lat' dir='ltr'><strong>Satum.</strong></span> <span class='ocrx_word' id='word_1_33' title='bbox 536 1154 573 1215; x_wconf 83' lang='lat'><strong>4:</strong></span> <span class='ocrx_word' id='word_1_34' title='bbox 604 1151 627 1215; x_wconf 76' lang='lat' dir='ltr'><strong>ai</strong></span> <span class='ocrx_word' id='word_1_35' title='bbox 658 1149 701 1228; x_wconf 71' lang='lat' dir='ltr'><strong>ph</strong></span> <span class='ocrx_word' id='word_1_36' title='bbox 732 1149 777 1214; x_wconf 81' lang='lat' dir='ltr'><strong>rol</strong></span> <span class='ocrx_word' id='word_1_37' title='bbox 804 1174 842 1228; x_wconf 75' lang='grc' dir='ltr'><strong>νε</strong></span> <span class='ocrx_word' id='word_1_38' title='bbox 872 1150 970 1231; x_wconf 77' lang='grc' dir='ltr'><em>μικρὸν</em></span> <span class='ocrx_word' id='word_1_39' title='bbox 1000 1150 1081 1214; x_wconf 78' lang='grc' dir='ltr'><em>δοκεῖ</em></span> <span class='ocrx_word' id='word_1_40' title='bbox 1107 1150 1139 1215; x_wconf 85' lang='grc' dir='ltr'><strong>τὸ</strong></span> <span class='ocrx_word' id='word_1_41' title='bbox 1163 1151 1243 1214; x_wconf 76' lang='grc' dir='ltr'><em>νικῖιν</em></span> <span class='ocrx_word' id='word_1_42' title='bbox 1264 1148 1426 1228; x_wconf 71' lang='grc' dir='ltr'><em>κυβεύοντα</em></span> <span class='ocrx_word' id='word_1_43' title='bbox 1453 1189 1502 1198; x_wconf 92' lang='grc'><strong>--</strong></span> 
     </span>
     <span class='ocr_line' id='line_1_6' title="bbox 376 1261 1247 1347; baseline -0.002 -17"><span class='ocrx_word' id='word_1_44' title='bbox 376 1264 479 1332; x_wconf 75' lang='grc' dir='ltr'><em>πολλοὶ</em></span> <span class='ocrx_word' id='word_1_45' title='bbox 503 1265 560 1346; x_wconf 71' lang='grc' dir='ltr'><strong>γὰρ</strong></span> <span class='ocrx_word' id='word_1_46' title='bbox 581 1264 610 1336; x_wconf 83' lang='grc' dir='ltr'><strong>ἐς</strong></span> <span class='ocrx_word' id='word_1_47' title='bbox 634 1263 711 1347; x_wconf 82' lang='grc' dir='ltr'><em>ιιόρον</em></span> <span class='ocrx_word' id='word_1_48' title='bbox 733 1264 793 1328; x_wconf 77' lang='grc' dir='ltr'><strong>απὸ</strong></span> <span class='ocrx_word' id='word_1_49' title='bbox 816 1268 867 1329; x_wconf 82' lang='grc' dir='ltr'><strong>τοῦ</strong></span> <span class='ocrx_word' id='word_1_50' title='bbox 891 1261 1017 1329; x_wconf 82' lang='grc' dir='ltr'><em>τοιούτου</em></span> <span class='ocrx_word' id='word_1_51' title='bbox 1039 1263 1247 1329; x_wconf 76' lang='grc' dir='ltr'><em>ἐπεσιτίσαντο.</em></span> 
     </span>
    </p>

    <p class='ocr_par' dir='ltr' id='par_1_3' title="bbox 374 1377 1503 1804">
     <span class='ocr_line' id='line_1_7' title="bbox 418 1377 1503 1464; baseline 0 -20"><span class='ocrx_word' id='word_1_52' title='bbox 418 1381 445 1464; x_wconf 92' lang='lat' dir='ltr'><strong>I,</strong></span> <span class='ocrx_word' id='word_1_53' title='bbox 468 1382 518 1444; x_wconf 85' lang='lat'><strong>28.</strong></span> <span class='ocrx_word' id='word_1_54' title='bbox 541 1379 630 1444; x_wconf 89' lang='lat' dir='ltr'><strong>Haeo</strong></span> <span class='ocrx_word' id='word_1_55' title='bbox 651 1379 818 1464; x_wconf 84' lang='lat' dir='ltr'><strong>leguntur:</strong></span> <span class='ocrx_word' id='word_1_56' title='bbox 846 1397 965 1463; x_wconf 89' lang='lat' dir='ltr'><strong>,quum</strong></span> <span class='ocrx_word' id='word_1_57' title='bbox 989 1377 1059 1443; x_wconf 82' lang='lat' dir='ltr'><strong>Rex</strong></span> <span class='ocrx_word' id='word_1_58' title='bbox 1079 1379 1209 1460; x_wconf 87' lang='lat' dir='ltr'><strong>videret,</strong></span> <span class='ocrx_word' id='word_1_59' title='bbox 1230 1397 1289 1443; x_wconf 88' lang='lat' dir='ltr'><strong>nos</strong></span> <span class='ocrx_word' id='word_1_60' title='bbox 1309 1379 1348 1444; x_wconf 91' lang='lat' dir='ltr'><strong>de</strong></span> <span class='ocrx_word' id='word_1_61' title='bbox 1360 1381 1503 1444; x_wconf 85' lang='lat' dir='ltr'><strong>victoria</strong></span> 
     </span>
     <span class='ocr_line' id='line_1_8' title="bbox 375 1490 1502 1578; baseline -0.003 -20"><span class='ocrx_word' id='word_1_62' title='bbox 375 1514 440 1558; x_wconf 92' lang='lat' dir='ltr'><strong>non</strong></span> <span class='ocrx_word' id='word_1_63' title='bbox 462 1494 637 1578; x_wconf 88' lang='lat' dir='ltr'><strong>desperare,</strong></span> <span class='ocrx_word' id='word_1_64' title='bbox 663 1493 743 1557; x_wconf 90' lang='lat' dir='ltr'>nihil</span> <span class='ocrx_word' id='word_1_65' title='bbox 766 1495 958 1557; x_wconf 90' lang='lat' dir='ltr'><strong>intentatum</strong></span> <span class='ocrx_word' id='word_1_66' title='bbox 980 1493 1109 1577; x_wconf 86' lang='lat' dir='ltr'><strong>reliquit</strong></span> <span class='ocrx_word' id='word_1_67' title='bbox 1131 1490 1267 1571; x_wconf 80' lang='grc' dir='ltr'><em>πρέσβεις</em></span> <span class='ocrx_word' id='word_1_68' title='bbox 1291 1491 1416 1570; x_wconf 78' lang='grc' dir='ltr'><em>πέμπων</em></span> <span class='ocrx_word' id='word_1_69' title='bbox 1440 1492 1502 1558; x_wconf 79' lang='grc' dir='ltr'><strong>καὶ</strong></span> 
     </span>
     <span class='ocr_line' id='line_1_9' title="bbox 374 1602 1502 1692; baseline 0.001 -21"><span class='ocrx_word' id='word_1_70' title='bbox 374 1605 513 1688; x_wconf 78' lang='grc' dir='ltr'><em>παρέχον</em></span> <span class='ocrx_word' id='word_1_71' title='bbox 543 1607 583 1670; x_wconf 76' lang='grc' dir='ltr'><strong>τοὶ</strong></span> <span class='ocrx_word' id='word_1_72' title='bbox 613 1605 771 1680; x_wconf 75' lang='grc' dir='ltr'><em>ἐπιτήδεια,</em></span> <span class='ocrx_word' id='word_1_73' title='bbox 800 1603 867 1670; x_wconf 70' lang='lat' dir='ltr'><strong>iura</strong></span> <span class='ocrx_word' id='word_1_74' title='bbox 890 1605 1019 1670; x_wconf 77' lang='grc' dir='ltr'><em>σπονδῶν</em></span> <span class='ocrx_word' id='word_1_75' title='bbox 1041 1602 1164 1684; x_wconf 77' lang='grc' dir='ltr'><em>ἔτνχε.”</em></span> <span class='ocrx_word' id='word_1_76' title='bbox 1189 1604 1292 1683; x_wconf 80' lang='lat' dir='ltr'><strong>Quam</strong></span> <span class='ocrx_word' id='word_1_77' title='bbox 1313 1609 1420 1692; x_wconf 88' lang='lat' dir='ltr'><strong>inepte</strong></span> <span class='ocrx_word' id='word_1_78' title='bbox 1444 1608 1502 1672; x_wconf 83' lang='lat' dir='ltr'><strong>his</strong></span> 
     </span>
     <span class='ocr_line' id='line_1_10' title="bbox 374 1717 941 1804; baseline -0.004 -20"><span class='ocrx_word' id='word_1_79' title='bbox 374 1721 588 1804; x_wconf 80' lang='lat' dir='ltr'>interponitur</span> <span class='ocrx_word' id='word_1_80' title='bbox 610 1717 661 1782; x_wconf 76' lang='grc' dir='ltr'><strong>καὶ</strong></span> <span class='ocrx_word' id='word_1_81' title='bbox 686 1717 814 1790; x_wconf 74' lang='grc' dir='ltr'><em>τπονδοὶς</em></span> <span class='ocrx_word' id='word_1_82' title='bbox 836 1717 941 1782; x_wconf 74' lang='lat' dir='ltr'><strong>airola!</strong></span> 
     </span>
    </p>

    <p class='ocr_par' dir='ltr' id='par_1_4' title="bbox 375 1832 1501 2373">
     <span class='ocr_line' id='line_1_11' title="bbox 419 1832 1501 1918; baseline 0.002 -21"><span class='ocrx_word' id='word_1_83' title='bbox 419 1834 461 1917; x_wconf 90' lang='lat' dir='ltr'><strong>H,</strong></span> <span class='ocrx_word' id='word_1_84' title='bbox 487 1835 537 1897; x_wconf 90' lang='grc'><strong>13.</strong></span> <span class='ocrx_word' id='word_1_85' title='bbox 560 1832 726 1897; x_wconf 81' lang='lat' dir='ltr'><strong>Praecedit</strong></span> <span class='ocrx_word' id='word_1_86' title='bbox 748 1833 887 1897; x_wconf 85' lang='lat' dir='ltr'><strong>narratio</strong></span> <span class='ocrx_word' id='word_1_87' title='bbox 911 1833 950 1896; x_wconf 92' lang='lat' dir='ltr'><strong>de</strong></span> <span class='ocrx_word' id='word_1_88' title='bbox 970 1833 1217 1899; x_wconf 84' lang='lat' dir='ltr'><strong>Atheniensium</strong></span> <span class='ocrx_word' id='word_1_89' title='bbox 1237 1851 1310 1918; x_wconf 83' lang='lat' dir='ltr'><strong>erga</strong></span> <span class='ocrx_word' id='word_1_90' title='bbox 1331 1832 1415 1899; x_wconf 88' lang='lat' dir='ltr'><strong>Deos</strong></span> <span class='ocrx_word' id='word_1_91' title='bbox 1434 1835 1501 1899; x_wconf 91' lang='lat' dir='ltr'><strong>im·</strong></span> 
     </span>
     <span class='ocr_line' id='line_1_12' title="bbox 376 1945 1500 2032; baseline 0 -19"><span class='ocrx_word' id='word_1_92' title='bbox 376 1949 525 2013; x_wconf 82' lang='lat' dir='ltr'><strong>mortales</strong></span> <span class='ocrx_word' id='word_1_93' title='bbox 555 1949 679 2032; x_wconf 91' lang='lat' dir='ltr'><strong>pietate,</strong></span> <span class='ocrx_word' id='word_1_94' title='bbox 711 1967 812 2030; x_wconf 92' lang='lat' dir='ltr'><strong>quum</strong></span> <span class='ocrx_word' id='word_1_95' title='bbox 844 1948 951 2031; x_wconf 87' lang='lat' dir='ltr'><strong>eopias</strong></span> <span class='ocrx_word' id='word_1_96' title='bbox 973 1966 992 2011; x_wconf 86' lang='lat' dir='ltr'><strong>a</strong></span> <span class='ocrx_word' id='word_1_97' title='bbox 1014 1945 1111 2012; x_wconf 89' lang='lat' dir='ltr'><strong>Dario</strong></span> <span class='ocrx_word' id='word_1_98' title='bbox 1135 1949 1249 2012; x_wconf 84' lang='lat' dir='ltr'><strong>missas</strong></span> <span class='ocrx_word' id='word_1_99' title='bbox 1271 1948 1500 2032; x_wconf 85' lang='lat' dir='ltr'><strong>reppulissent</strong></span> 
     </span>
     <span class='ocr_line' id='line_1_13' title="bbox 375 2055 1499 2146; baseline -0.003 -19"><span class='ocrx_word' id='word_1_100' title='bbox 375 2061 542 2146; x_wconf 81' lang='lat' dir='ltr'><strong>Sequitur:</strong></span> <span class='ocrx_word' id='word_1_101' title='bbox 567 2057 671 2124; x_wconf 84' lang='grc' dir='ltr'><em>ἔπειτα</em></span> <span class='ocrx_word' id='word_1_102' title='bbox 694 2059 725 2123; x_wconf 78' lang='grc' dir='ltr'><strong>δὲ</strong></span> <span class='ocrx_word' id='word_1_103' title='bbox 747 2057 794 2124; x_wconf 75' lang='grc' dir='ltr'><strong>ὅτε</strong></span> <span class='ocrx_word' id='word_1_104' title='bbox 819 2055 922 2140; x_wconf 74' lang='grc' dir='ltr'><em>Ξέρξας</em></span> <span class='ocrx_word' id='word_1_105' title='bbox 946 2055 1058 2140; x_wconf 80' lang='grc' dir='ltr'><em>ὕστερον</em></span> <span class='ocrx_word' id='word_1_106' title='bbox 1080 2059 1200 2141; x_wconf 66' lang='grc' dir='ltr'><em>ἀνείρας</em></span> <span class='ocrx_word' id='word_1_107' title='bbox 1223 2059 1276 2132; x_wconf 68' lang='grc' dir='ltr'><strong>τὴν</strong></span> <span class='ocrx_word' id='word_1_108' title='bbox 1299 2060 1499 2142; x_wconf 69' lang='grc' dir='ltr'><em>ἀναρίθμητον</em></span> 
     </span>
     <span class='ocr_line' id='line_1_14' title="bbox 377 2168 1500 2260; baseline 0.003 -22"><span class='ocrx_word' id='word_1_109' title='bbox 377 2173 515 2256; x_wconf 76' lang='grc' dir='ltr'><em>ττροιτιοὶν</em></span> <span class='ocrx_word' id='word_1_110' title='bbox 549 2168 632 2247; x_wconf 76' lang='grc' dir='ltr'><em>ἦλθεν</em></span> <span class='ocrx_word' id='word_1_111' title='bbox 661 2170 711 2235; x_wconf 76' lang='grc' dir='ltr'><strong>ἐπὶ</strong></span> <span class='ocrx_word' id='word_1_112' title='bbox 742 2171 794 2245; x_wconf 67' lang='grc' dir='ltr'><strong>τὴν</strong></span> <span class='ocrx_word' id='word_1_113' title='bbox 819 2169 956 2236; x_wconf 64' lang='lat' dir='ltr'><strong>‘Eliadis</strong></span> <span class='ocrx_word' id='word_1_114' title='bbox 979 2172 1038 2236; x_wconf 82' lang='grc' dir='ltr'><strong>κτὲ.</strong></span> <span class='ocrx_word' id='word_1_115' title='bbox 1067 2172 1151 2249; x_wconf 79' lang='lat' dir='ltr'><strong>Quid</strong></span> <span class='ocrx_word' id='word_1_116' title='bbox 1174 2193 1211 2239; x_wconf 87' lang='lat' dir='ltr'><strong>eo</strong></span> <span class='ocrx_word' id='word_1_117' title='bbox 1238 2175 1365 2238; x_wconf 88' lang='lat' dir='ltr'><strong>homine</strong></span> <span class='ocrx_word' id='word_1_118' title='bbox 1386 2175 1500 2260; x_wconf 78' lang='lat' dir='ltr'><strong>faciae,</strong></span> 
     </span>
     <span class='ocr_line' id='line_1_15' title="bbox 379 2282 1498 2373; baseline 0.002 -21"><span class='ocrx_word' id='word_1_119' title='bbox 379 2290 434 2372; x_wconf 88' lang='lat' dir='ltr'><strong>qui</strong></span> <span class='ocrx_word' id='word_1_120' title='bbox 458 2290 581 2372; x_wconf 85' lang='lat' dir='ltr'><strong>primus</strong></span> <span class='ocrx_word' id='word_1_121' title='bbox 603 2286 692 2351; x_wconf 88' lang='lat' dir='ltr'><strong>istud</strong></span> <span class='ocrx_word' id='word_1_122' title='bbox 715 2282 826 2362; x_wconf 79' lang='grc' dir='ltr'><em>ὕστερον</em></span> <span class='ocrx_word' id='word_1_123' title='bbox 850 2287 1029 2352; x_wconf 80' lang='lat' dir='ltr'><strong>addiderit?</strong></span> <span class='ocrx_word' id='word_1_124' title='bbox 1054 2287 1097 2351; x_wconf 81' lang='lat' dir='ltr'><strong>Of.</strong></span> <span class='ocrx_word' id='word_1_125' title='bbox 1124 2307 1205 2372; x_wconf 90' lang='lat' dir='ltr'><strong>quae</strong></span> <span class='ocrx_word' id='word_1_126' title='bbox 1229 2289 1297 2352; x_wconf 85' lang='lat' dir='ltr'><strong>dixi</strong></span> <span class='ocrx_word' id='word_1_127' title='bbox 1309 2290 1349 2353; x_wconf 93' lang='lat' dir='ltr'><strong>ad</strong></span> <span class='ocrx_word' id='word_1_128' title='bbox 1360 2290 1386 2371; x_wconf 92' lang='lat' dir='ltr'><strong>I,</strong></span> <span class='ocrx_word' id='word_1_129' title='bbox 1401 2291 1428 2373; x_wconf 85' lang='grc'><strong>7,</strong></span> <span class='ocrx_word' id='word_1_130' title='bbox 1443 2293 1498 2354; x_wconf 91' lang='grc'><strong>18.</strong></span> 
     </span>
    </p>

    <p class='ocr_par' dir='ltr' id='par_1_5' title="bbox 378 2401 1499 2826">
     <span class='ocr_line' id='line_1_16' title="bbox 423 2401 1498 2489; baseline 0.004 -23"><span class='ocrx_word' id='word_1_131' title='bbox 423 2402 463 2484; x_wconf 88' lang='lat'><strong>11,</strong></span> <span class='ocrx_word' id='word_1_132' title='bbox 501 2403 550 2465; x_wconf 89' lang='grc'><strong>33.</strong></span> <span class='ocrx_word' id='word_1_133' title='bbox 584 2401 745 2466; x_wconf 87' lang='lat' dir='ltr'><strong>Proferam</strong></span> <span class='ocrx_word' id='word_1_134' title='bbox 780 2401 820 2464; x_wconf 94' lang='lat' dir='ltr'><strong>ad</strong></span> <span class='ocrx_word' id='word_1_135' title='bbox 853 2402 940 2466; x_wconf 87' lang='lat' dir='ltr'><strong>hune</strong></span> <span class='ocrx_word' id='word_1_136' title='bbox 973 2402 1079 2466; x_wconf 87' lang='lat' dir='ltr'><strong>laeum</strong></span> <span class='ocrx_word' id='word_1_137' title='bbox 1110 2404 1373 2487; x_wconf 87' lang='lat' dir='ltr'><strong>emendationem,</strong></span> <span class='ocrx_word' id='word_1_138' title='bbox 1397 2426 1498 2489; x_wconf 92' lang='lat' dir='ltr'><strong>quam</strong></span> 
     </span>
     <span class='ocr_line' id='line_1_17' title="bbox 378 2514 1499 2600; baseline 0.004 -23"><span class='ocrx_word' id='word_1_139' title='bbox 378 2514 551 2599; x_wconf 84' lang='lat' dir='ltr'><strong>palmarem</strong></span> <span class='ocrx_word' id='word_1_140' title='bbox 576 2514 732 2597; x_wconf 89' lang='lat' dir='ltr'><strong>appellare</strong></span> <span class='ocrx_word' id='word_1_141' title='bbox 750 2534 815 2577; x_wconf 90' lang='lat' dir='ltr'><strong>nen</strong></span> <span class='ocrx_word' id='word_1_142' title='bbox 836 2514 955 2578; x_wconf 89' lang='lat' dir='ltr'><strong>dubito.</strong></span> <span class='ocrx_word' id='word_1_143' title='bbox 976 2514 1049 2578; x_wconf 90' lang='lat' dir='ltr'><strong>Non</strong></span> <span class='ocrx_word' id='word_1_144' title='bbox 1069 2517 1155 2580; x_wconf 89' lang='lat' dir='ltr'><strong>enim</strong></span> <span class='ocrx_word' id='word_1_145' title='bbox 1175 2536 1246 2580; x_wconf 91' lang='lat' dir='ltr'><strong>mea</strong></span> <span class='ocrx_word' id='word_1_146' title='bbox 1264 2521 1321 2600; x_wconf 90' lang='lat' dir='ltr'><strong>est,</strong></span> <span class='ocrx_word' id='word_1_147' title='bbox 1333 2518 1388 2582; x_wconf 90' lang='lat' dir='ltr'><strong>sed</strong></span> <span class='ocrx_word' id='word_1_148' title='bbox 1401 2520 1499 2582; x_wconf 86' lang='lat' dir='ltr'><strong>amici</strong></span> 
     </span>
     <span class='ocr_line' id='line_1_18' title="bbox 379 2626 1498 2714; baseline 0.004 -21"><span class='ocrx_word' id='word_1_149' title='bbox 379 2628 570 2693; x_wconf 85' lang='lat' dir='ltr'><strong>Schwartzii.</strong></span> <span class='ocrx_word' id='word_1_150' title='bbox 602 2627 776 2711; x_wconf 90' lang='lat' dir='ltr'><strong>Postquam</strong></span> <span class='ocrx_word' id='word_1_151' title='bbox 806 2626 988 2712; x_wconf 87' lang='lat' dir='ltr'><strong>Xenophon</strong></span> <span class='ocrx_word' id='word_1_152' title='bbox 1019 2629 1135 2694; x_wconf 87' lang='lat' dir='ltr'><strong>milites</strong></span> <span class='ocrx_word' id='word_1_153' title='bbox 1167 2631 1351 2695; x_wconf 87' lang='lat' dir='ltr'><strong>adhortatus</strong></span> <span class='ocrx_word' id='word_1_154' title='bbox 1383 2639 1439 2714; x_wconf 87' lang='lat' dir='ltr'><strong>est,</strong></span> <span class='ocrx_word' id='word_1_155' title='bbox 1465 2638 1498 2697; x_wconf 90' lang='lat' dir='ltr'><strong>et</strong></span> 
     </span>
     <span class='ocr_line' id='line_1_19' title="bbox 380 2740 1497 2826; baseline 0.002 -20"><span class='ocrx_word' id='word_1_156' title='bbox 380 2743 458 2826; x_wconf 92' lang='lat' dir='ltr'><strong>quid</strong></span> <span class='ocrx_word' id='word_1_157' title='bbox 481 2744 522 2808; x_wconf 90' lang='lat' dir='ltr'><strong>sit</strong></span> <span class='ocrx_word' id='word_1_158' title='bbox 545 2742 703 2826; x_wconf 85' lang='lat' dir='ltr'><strong>agendum</strong></span> <span class='ocrx_word' id='word_1_159' title='bbox 727 2741 842 2823; x_wconf 82' lang='lat' dir='ltr'><strong>docuit,</strong></span> <span class='ocrx_word' id='word_1_160' title='bbox 868 2740 1074 2826; x_wconf 81' lang='lat' dir='ltr'><strong>Ohirisophus</strong></span> <span class='ocrx_word' id='word_1_161' title='bbox 1097 2744 1174 2807; x_wconf 85' lang='lat' dir='ltr'><strong>haec</strong></span> <span class='ocrx_word' id='word_1_162' title='bbox 1198 2743 1497 2822; x_wconf 73' lang='grc' dir='ltr'><strong>(116111οὶλλέἰμέν</strong></span> 
     </span>
    </p>
   </div>
   <div class='ocr_carea' id='block_1_3' title="bbox 378 2847 1497 2936">
    <p class='ocr_par' dir='ltr' id='par_1_6' title="bbox 378 2847 1497 2936">
     <span class='ocr_line' id='line_1_20' title="bbox 378 2847 1497 2936; baseline 0.003 -17"><span class='ocrx_word' id='word_1_163' title='bbox 378 2878 452 2930; x_wconf 84' lang='grc' dir='ltr'><em>τινος</em></span> <span class='ocrx_word' id='word_1_164' title='bbox 475 2853 567 2920; x_wconf 73' lang='grc' dir='ltr'><em>ἄλλον</em></span> <span class='ocrx_word' id='word_1_165' title='bbox 586 2855 633 2919; x_wconf 78' lang='grc' dir='ltr'><strong>δεῖ</strong></span> <span class='ocrx_word' id='word_1_166' title='bbox 649 2855 716 2936; x_wconf 78' lang='grc' dir='ltr'><em>πρὸς</em></span> <span class='ocrx_word' id='word_1_167' title='bbox 734 2852 843 2926; x_wconf 77' lang='grc' dir='ltr'><em>τούτοις</em></span> <span class='ocrx_word' id='word_1_168' title='bbox 861 2847 899 2927; x_wconf 74' lang='grc' dir='ltr'><strong>οἷς</strong></span> <span class='ocrx_word' id='word_1_169' title='bbox 920 2853 998 2932; x_wconf 73' lang='grc' dir='ltr'><em>λέγει</em></span> <span class='ocrx_word' id='word_1_170' title='bbox 1017 2859 1157 2935; x_wconf 79' lang='grc' dir='ltr'><em>Ξενοφῶν,</em></span> <span class='ocrx_word' id='word_1_171' title='bbox 1177 2855 1228 2920; x_wconf 72' lang='grc' dir='ltr'><strong>καὶ</strong></span> <span class='ocrx_word' id='word_1_172' title='bbox 1248 2856 1358 2921; x_wconf 81' lang='grc' dir='ltr'><em>αὐτίκα</em></span> <span class='ocrx_word' id='word_1_173' title='bbox 1378 2854 1497 2932; x_wconf 78' lang='grc' dir='ltr'><em>ἐξέσται</em></span> 
     </span>
    </p>
   </div>
   <div class='ocr_carea' id='block_1_4' title="bbox 380 2965 1497 4418">
    <p class='ocr_par' dir='ltr' id='par_1_7' title="bbox 380 2965 1497 4190">
     <span class='ocr_line' id='line_1_21' title="bbox 380 2965 1496 3052; baseline 0.003 -19"><span class='ocrx_word' id='word_1_174' title='bbox 380 2977 478 3042; x_wconf 82' lang='grc' dir='ltr'><em>ποιεῖν,</em></span> <span class='ocrx_word' id='word_1_175' title='bbox 502 2966 524 3034; x_wconf 67' lang='grc' dir='ltr'><strong>οἵ</strong></span> <span class='ocrx_word' id='word_1_176' title='bbox 546 2969 577 3033; x_wconf 79' lang='grc' dir='ltr'><strong>δὲ</strong></span> <span class='ocrx_word' id='word_1_177' title='bbox 599 2973 648 3032; x_wconf 79' lang='grc' dir='ltr'><strong>νῦν</strong></span> <span class='ocrx_word' id='word_1_178' title='bbox 665 2965 759 3050; x_wconf 61' lang='grc' dir='ltr'><em>ἐἴρηκε</em></span> <span class='ocrx_word' id='word_1_179' title='bbox 782 2968 862 3032; x_wconf 74' lang='grc' dir='ltr'><em>δοκεῖ</em></span> <span class='ocrx_word' id='word_1_180' title='bbox 882 2992 930 3045; x_wconf 92' lang='grc' dir='ltr'><strong>μοι</strong></span> <span class='ocrx_word' id='word_1_181' title='bbox 954 2968 991 3041; x_wconf 82' lang='grc' dir='ltr'><strong>ὡς</strong></span> <span class='ocrx_word' id='word_1_182' title='bbox 1014 2967 1149 3049; x_wconf 73' lang='grc' dir='ltr'><em>τοὶχιττα</em></span> <span class='ocrx_word' id='word_1_183' title='bbox 1172 2970 1362 3051; x_wconf 73' lang='grc' dir='ltr'><em>ψηφίσασθαι</em></span> <span class='ocrx_word' id='word_1_184' title='bbox 1382 2969 1496 3052; x_wconf 74' lang='grc' dir='ltr'><em>ἴιριστον</em></span> 
     </span>
     <span class='ocr_line' id='line_1_22' title="bbox 380 3075 1497 3169; baseline 0.006 -25"><span class='ocrx_word' id='word_1_185' title='bbox 380 3075 458 3145; x_wconf 78' lang='grc' dir='ltr'><em>εἶναι.</em></span> <span class='ocrx_word' id='word_1_186' title='bbox 495 3082 686 3166; x_wconf 83' lang='lat' dir='ltr'><strong>Corruptum</strong></span> <span class='ocrx_word' id='word_1_187' title='bbox 717 3082 823 3146; x_wconf 84' lang='lat' dir='ltr'><strong>locum</strong></span> <span class='ocrx_word' id='word_1_188' title='bbox 854 3101 924 3146; x_wconf 88' lang='lat' dir='ltr'><strong>esse</strong></span> <span class='ocrx_word' id='word_1_189' title='bbox 954 3088 985 3146; x_wconf 91' lang='lat' dir='ltr'><strong>et</strong></span> <span class='ocrx_word' id='word_1_190' title='bbox 1015 3084 1084 3167; x_wconf 89' lang='lat' dir='ltr'><strong>ipse</strong></span> <span class='ocrx_word' id='word_1_191' title='bbox 1107 3084 1256 3157; x_wconf 88' lang='lat' dir='ltr'><strong>videram,</strong></span> <span class='ocrx_word' id='word_1_192' title='bbox 1280 3105 1384 3168; x_wconf 90' lang='lat' dir='ltr'><strong>neque</strong></span> <span class='ocrx_word' id='word_1_193' title='bbox 1408 3088 1497 3169; x_wconf 90' lang='lat' dir='ltr'><strong>quis·</strong></span> 
     </span>
     <span class='ocr_line' id='line_1_23' title="bbox 382 3194 1497 3288; baseline 0.004 -29"><span class='ocrx_word' id='word_1_194' title='bbox 382 3217 478 3280; x_wconf 90' lang='lat' dir='ltr'><strong>quam</strong></span> <span class='ocrx_word' id='word_1_195' title='bbox 501 3200 604 3279; x_wconf 85' lang='lat' dir='ltr'><strong>potest</strong></span> <span class='ocrx_word' id='word_1_196' title='bbox 626 3215 691 3258; x_wconf 92' lang='lat' dir='ltr'><strong>non</strong></span> <span class='ocrx_word' id='word_1_197' title='bbox 713 3195 829 3259; x_wconf 85' lang='lat' dir='ltr'><strong>ridere.</strong></span> <span class='ocrx_word' id='word_1_198' title='bbox 852 3194 1002 3288; x_wconf 70' lang='lat' dir='ltr'><strong>Absurde</strong></span> <span class='ocrx_word' id='word_1_199' title='bbox 1025 3197 1110 3260; x_wconf 90' lang='lat' dir='ltr'><strong>enim</strong></span> <span class='ocrx_word' id='word_1_200' title='bbox 1132 3197 1214 3260; x_wconf 89' lang='lat' dir='ltr'><strong>inter</strong></span> <span class='ocrx_word' id='word_1_201' title='bbox 1238 3216 1271 3262; x_wconf 93' lang='lat' dir='ltr'><strong>se</strong></span> <span class='ocrx_word' id='word_1_202' title='bbox 1290 3205 1497 3283; x_wconf 89' lang='lat' dir='ltr'><strong>opponuntur</strong></span> 
     </span>
     <span class='ocr_line' id='line_1_24' title="bbox 386 3307 1497 3393; baseline 0.005 -21"><span class='ocrx_word' id='word_1_203' title='bbox 386 3310 540 3393; x_wconf 85' lang='lat' dir='ltr'><strong>„posthae</strong></span> <span class='ocrx_word' id='word_1_204' title='bbox 561 3307 684 3372; x_wconf 86' lang='lat' dir='ltr'><strong>faoere’&#39;</strong></span> <span class='ocrx_word' id='word_1_205' title='bbox 708 3314 739 3373; x_wconf 88' lang='lat' dir='ltr'><strong>et</strong></span> <span class='ocrx_word' id='word_1_206' title='bbox 765 3309 897 3390; x_wconf 88' lang='lat' dir='ltr'><strong>,statim</strong></span> <span class='ocrx_word' id='word_1_207' title='bbox 922 3308 1119 3372; x_wconf 88' lang='lat' dir='ltr'><strong>deeemere’&#39;.</strong></span> <span class='ocrx_word' id='word_1_208' title='bbox 1141 3310 1194 3372; x_wconf 88' lang='lat' dir='ltr'><strong>An</strong></span> <span class='ocrx_word' id='word_1_209' title='bbox 1213 3310 1294 3375; x_wconf 88' lang='lat' dir='ltr'><strong>forte</strong></span> <span class='ocrx_word' id='word_1_210' title='bbox 1314 3330 1378 3375; x_wconf 91' lang='lat' dir='ltr'><strong>non</strong></span> <span class='ocrx_word' id='word_1_211' title='bbox 1397 3317 1428 3376; x_wconf 93' lang='lat' dir='ltr'><strong>et</strong></span> <span class='ocrx_word' id='word_1_212' title='bbox 1440 3331 1497 3377; x_wconf 91' lang='lat' dir='ltr'><strong>eae</strong></span> 
     </span>
     <span class='ocr_line' id='line_1_25' title="bbox 382 3420 1496 3506; baseline 0.003 -20"><span class='ocrx_word' id='word_1_213' title='bbox 382 3440 441 3504; x_wconf 90' lang='lat' dir='ltr'><strong>res,</strong></span> <span class='ocrx_word' id='word_1_214' title='bbox 466 3441 544 3506; x_wconf 90' lang='lat' dir='ltr'><strong>quas</strong></span> <span class='ocrx_word' id='word_1_215' title='bbox 563 3420 744 3504; x_wconf 87' lang='lat' dir='ltr'><strong>Xenophon</strong></span> <span class='ocrx_word' id='word_1_216' title='bbox 764 3426 913 3502; x_wconf 87' lang='lat' dir='ltr'><strong>suaserat,</strong></span> <span class='ocrx_word' id='word_1_217' title='bbox 928 3420 1059 3500; x_wconf 77' lang='lat' dir='ltr'><strong>posthae</strong></span> <span class='ocrx_word' id='word_1_218' title='bbox 1076 3421 1238 3502; x_wconf 76' lang='lat' dir='ltr'><strong>faciendae</strong></span> <span class='ocrx_word' id='word_1_219' title='bbox 1257 3424 1369 3487; x_wconf 80' lang='lat' dir='ltr'><strong>erant?</strong></span> <span class='ocrx_word' id='word_1_220' title='bbox 1389 3424 1442 3487; x_wconf 82' lang='lat' dir='ltr'><strong>An</strong></span> <span class='ocrx_word' id='word_1_221' title='bbox 1455 3425 1496 3490; x_wconf 90' lang='lat' dir='ltr'><strong>de</strong></span> 
     </span>
     <span class='ocr_line' id='line_1_26' title="bbox 381 3534 1496 3621; baseline 0.002 -21"><span class='ocrx_word' id='word_1_222' title='bbox 381 3537 446 3600; x_wconf 87' lang='lat' dir='ltr'><strong>illis</strong></span> <span class='ocrx_word' id='word_1_223' title='bbox 469 3535 573 3618; x_wconf 77' lang='lat' dir='ltr'><strong>rebuS,</strong></span> <span class='ocrx_word' id='word_1_224' title='bbox 597 3536 635 3599; x_wconf 91' lang='lat' dir='ltr'><strong>de</strong></span> <span class='ocrx_word' id='word_1_225' title='bbox 659 3535 776 3618; x_wconf 88' lang='lat' dir='ltr'><strong>quibus</strong></span> <span class='ocrx_word' id='word_1_226' title='bbox 799 3534 979 3619; x_wconf 92' lang='lat' dir='ltr'><strong>Xenophon</strong></span> <span class='ocrx_word' id='word_1_227' title='bbox 1000 3555 1067 3599; x_wconf 87' lang='lat' dir='ltr'><strong>non</strong></span> <span class='ocrx_word' id='word_1_228' title='bbox 1090 3536 1222 3618; x_wconf 82' lang='lat' dir='ltr'><strong>dixerat,</strong></span> <span class='ocrx_word' id='word_1_229' title='bbox 1243 3556 1308 3600; x_wconf 92' lang='lat' dir='ltr'><strong>non</strong></span> <span class='ocrx_word' id='word_1_230' title='bbox 1329 3557 1408 3621; x_wconf 90' lang='lat' dir='ltr'><strong>opus</strong></span> <span class='ocrx_word' id='word_1_231' title='bbox 1429 3544 1496 3602; x_wconf 90' lang='lat' dir='ltr'><strong>erat</strong></span> 
     </span>
     <span class='ocr_line' id='line_1_27' title="bbox 382 3649 1496 3736; baseline 0.002 -22"><span class='ocrx_word' id='word_1_232' title='bbox 382 3649 550 3714; x_wconf 74' lang='lat' dir='ltr'><strong>deliberare</strong></span> <span class='ocrx_word' id='word_1_233' title='bbox 584 3655 615 3714; x_wconf 91' lang='lat' dir='ltr'><strong>et</strong></span> <span class='ocrx_word' id='word_1_234' title='bbox 649 3650 833 3714; x_wconf 67' lang='lat' dir='ltr'><strong>devenere?</strong></span> <span class='ocrx_word' id='word_1_235' title='bbox 866 3650 939 3734; x_wconf 89' lang='lat' dir='ltr'><strong>Ipse</strong></span> <span class='ocrx_word' id='word_1_236' title='bbox 974 3669 1048 3735; x_wconf 87' lang='lat' dir='ltr'><strong>ergo</strong></span> <span class='ocrx_word' id='word_1_237' title='bbox 1083 3652 1280 3715; x_wconf 85' lang='lat' dir='ltr'><strong>conieceram</strong></span> <span class='ocrx_word' id='word_1_238' title='bbox 1313 3672 1371 3736; x_wconf 90' lang='lat' dir='ltr'><strong>pro</strong></span> <span class='ocrx_word' id='word_1_239' title='bbox 1405 3660 1496 3717; x_wconf 83' lang='grc' dir='ltr'><em>ποιεῖν</em></span> 
     </span>
     <span class='ocr_line' id='line_1_28' title="bbox 382 3761 1497 3852; baseline 0.004 -24"><span class='ocrx_word' id='word_1_240' title='bbox 382 3764 552 3849; x_wconf 84' lang='lat' dir='ltr'><strong>legendum</strong></span> <span class='ocrx_word' id='word_1_241' title='bbox 576 3784 645 3829; x_wconf 88' lang='lat' dir='ltr'><strong>esse</strong></span> <span class='ocrx_word' id='word_1_242' title='bbox 663 3761 768 3841; x_wconf 72' lang='grc' dir='ltr'><em>λέγειν,</em></span> <span class='ocrx_word' id='word_1_243' title='bbox 790 3765 844 3829; x_wconf 87' lang='lat' dir='ltr'><strong>sed</strong></span> <span class='ocrx_word' id='word_1_244' title='bbox 865 3784 969 3848; x_wconf 90' lang='lat' dir='ltr'><strong>neque</strong></span> <span class='ocrx_word' id='word_1_245' title='bbox 988 3765 1159 3829; x_wconf 84' lang='lat' dir='ltr'><strong>verisimile</strong></span> <span class='ocrx_word' id='word_1_246' title='bbox 1178 3767 1238 3829; x_wconf 87' lang='lat' dir='ltr'><strong>hoe</strong></span> <span class='ocrx_word' id='word_1_247' title='bbox 1258 3772 1314 3849; x_wconf 89' lang='lat' dir='ltr'><strong>est,</strong></span> <span class='ocrx_word' id='word_1_248' title='bbox 1326 3772 1357 3830; x_wconf 90' lang='lat' dir='ltr'><strong>et</strong></span> <span class='ocrx_word' id='word_1_249' title='bbox 1368 3773 1497 3852; x_wconf 88' lang='lat' dir='ltr'><strong>propter</strong></span> 
     </span>
     <span class='ocr_line' id='line_1_29' title="bbox 383 3876 1497 3964; baseline 0.005 -24"><span class='ocrx_word' id='word_1_250' title='bbox 383 3878 574 3962; x_wconf 81' lang='lat' dir='ltr'><strong>praecedens</strong></span> <span class='ocrx_word' id='word_1_251' title='bbox 596 3876 675 3954; x_wconf 70' lang='lat' dir='ltr'><strong>aea</strong></span> <span class='ocrx_word' id='word_1_252' title='bbox 699 3878 794 3962; x_wconf 90' lang='lat' dir='ltr'><strong>paule</strong></span> <span class='ocrx_word' id='word_1_253' title='bbox 818 3880 938 3943; x_wconf 87' lang='lat' dir='ltr'><strong>durius.</strong></span> <span class='ocrx_word' id='word_1_254' title='bbox 963 3878 1098 3963; x_wconf 83' lang='lat' dir='ltr'><strong>Egregie</strong></span> <span class='ocrx_word' id='word_1_255' title='bbox 1123 3899 1196 3944; x_wconf 90' lang='lat' dir='ltr'><strong>vero</strong></span> <span class='ocrx_word' id='word_1_256' title='bbox 1220 3879 1442 3964; x_wconf 71' lang='lat' dir='ltr'><strong>schwartzius,</strong></span> <span class='ocrx_word' id='word_1_257' title='bbox 1465 3888 1497 3946; x_wconf 91' lang='grc'><strong>61</strong></span> 
     </span>
     <span class='ocr_line' id='line_1_30' title="bbox 382 3992 1496 4078; baseline 0.004 -24"><span class='ocrx_word' id='word_1_258' title='bbox 382 3992 427 4054; x_wconf 84' lang='lat' dir='ltr'><strong>ite</strong></span> <span class='ocrx_word' id='word_1_259' title='bbox 449 3996 486 4054; x_wconf 90' lang='lat' dir='ltr'><strong>ut</strong></span> <span class='ocrx_word' id='word_1_260' title='bbox 508 4011 526 4054; x_wconf 91' lang='lat' dir='ltr'><strong>a</strong></span> <span class='ocrx_word' id='word_1_261' title='bbox 549 3992 697 4056; x_wconf 85' lang='lat' dir='ltr'><strong>ductibus</strong></span> <span class='ocrx_word' id='word_1_262' title='bbox 718 3992 891 4074; x_wconf 89' lang='lat' dir='ltr'><strong>literarum,</strong></span> <span class='ocrx_word' id='word_1_263' title='bbox 912 4012 993 4075; x_wconf 91' lang='lat' dir='ltr'><strong>quos</strong></span> <span class='ocrx_word' id='word_1_264' title='bbox 1013 3993 1088 4056; x_wconf 85' lang='lat' dir='ltr'><strong>libri</strong></span> <span class='ocrx_word' id='word_1_265' title='bbox 1107 3995 1316 4078; x_wconf 85' lang='lat' dir='ltr'><strong>manuscripti</strong></span> <span class='ocrx_word' id='word_1_266' title='bbox 1335 3994 1496 4078; x_wconf 84' lang='lat' dir='ltr'><strong>praebent,</strong></span> 
     </span>
     <span class='ocr_line' id='line_1_31' title="bbox 383 4105 1151 4190; baseline 0.003 -23"><span class='ocrx_word' id='word_1_267' title='bbox 383 4124 447 4168; x_wconf 89' lang='lat' dir='ltr'><strong>non</strong></span> <span class='ocrx_word' id='word_1_268' title='bbox 471 4105 608 4169; x_wconf 89' lang='lat' dir='ltr'><strong>multum</strong></span> <span class='ocrx_word' id='word_1_269' title='bbox 632 4106 799 4190; x_wconf 85' lang='lat' dir='ltr'><strong>recederet,</strong></span> <span class='ocrx_word' id='word_1_270' title='bbox 824 4108 1003 4171; x_wconf 89' lang='lat' dir='ltr'><strong>emendavit</strong></span> <span class='ocrx_word' id='word_1_271' title='bbox 1025 4112 1151 4170; x_wconf 83' lang='grc' dir='ltr'><em>σκοπεῖν.</em></span> 
     </span>
    </p>

    <p class='ocr_par' dir='ltr' id='par_1_8' title="bbox 384 4214 1492 4418">
     <span class='ocr_line' id='line_1_32' title="bbox 427 4214 1492 4300; baseline 0.004 -20"><span class='ocrx_word' id='word_1_272' title='bbox 427 4216 485 4300; x_wconf 79' lang='grc' dir='ltr'><strong>ΠΙ,</strong></span> <span class='ocrx_word' id='word_1_273' title='bbox 509 4220 536 4281; x_wconf 85' lang='grc'><strong>2.</strong></span> <span class='ocrx_word' id='word_1_274' title='bbox 560 4214 668 4295; x_wconf 76' lang='grc' dir='ltr'><em>ἔλθοιμ’</em></span> <span class='ocrx_word' id='word_1_275' title='bbox 688 4216 810 4300; x_wconf 73' lang='grc' dir='ltr'><strong>1νπρὸς</strong></span> <span class='ocrx_word' id='word_1_276' title='bbox 830 4218 909 4297; x_wconf 71' lang='grc' dir='ltr'><em>ὑμᾶς</em></span> <span class='ocrx_word' id='word_1_277' title='bbox 929 4217 980 4282; x_wconf 79' lang='grc' dir='ltr'><strong>καὶ</strong></span> <span class='ocrx_word' id='word_1_278' title='bbox 1000 4219 1066 4292; x_wconf 82' lang='grc' dir='ltr'><em>τοὺς</em></span> <span class='ocrx_word' id='word_1_279' title='bbox 1086 4217 1260 4300; x_wconf 66' lang='grc' dir='ltr'><em>θεράποντας</em></span> <span class='ocrx_word' id='word_1_280' title='bbox 1272 4218 1389 4293; x_wconf 79' lang='grc' dir='ltr'><em>ποὶντας</em></span> <span class='ocrx_word' id='word_1_281' title='bbox 1402 4218 1492 4299; x_wconf 71' lang='lat' dir='ltr'><strong>tyna.</strong></span> 
     </span>
     <span class='ocr_line' id='line_1_33' title="bbox 384 4329 926 4418; baseline -0.002 -21"><span class='ocrx_word' id='word_1_282' title='bbox 384 4329 535 4397; x_wconf 89' lang='lat' dir='ltr'><strong>Deleatur</strong></span> <span class='ocrx_word' id='word_1_283' title='bbox 557 4331 614 4396; x_wconf 76' lang='lat' dir='ltr'><strong>nat.</strong></span> <span class='ocrx_word' id='word_1_284' title='bbox 640 4330 687 4396; x_wconf 80' lang='lat' dir='ltr'><strong>of.</strong></span> <span class='ocrx_word' id='word_1_285' title='bbox 711 4333 799 4418; x_wconf 88' lang='lat' dir='ltr'><strong>adl,</strong></span> <span class='ocrx_word' id='word_1_286' title='bbox 825 4335 853 4418; x_wconf 86' lang='lat'><strong>9,</strong></span> <span class='ocrx_word' id='word_1_287' title='bbox 876 4334 926 4396; x_wconf 89' lang='lat'><strong>31.</strong></span> 
     </span>
    </p>
   </div>
   <div class='ocr_carea' id='block_1_5' title="bbox 0 0 1689 5268">
    <p class='ocr_par' dir='ltr' id='par_1_9' title="bbox 0 0 1689 5268">
     <span class='ocr_line' id='line_1_34' title="bbox 0 0 1689 5268; baseline 0 0"><span class='ocrx_word' id='word_1_288' title='bbox 0 0 1689 5268; x_wconf 95' lang='lat' dir='ltr'><strong> </strong></span> 
     </span>
    </p>
   </div>
  </div>
 </body>
</html>
