3354 5268
899 537 940 601 62

359 747 474 794 raucae
497 730 719 812 opponuntur:
740 745 782 789 ex
801 727 861 790 hac
878 745 989 790 omnes
1006 728 1117 811 paucis
1131 725 1321 810 quibusdam
1336 721 1488 810 exceptis

361 841 513 906 dicuntur
542 840 699 924 effugisse,
730 841 763 903 in
794 839 858 904 illis
889 859 954 903 non
977 845 1084 904 tantus
1108 840 1208 904 fuisse
1231 841 1350 904 civium
1374 847 1488 904 metus

361 958 516 1018 narratur.
546 953 630 1038 Lege
658 973 749 1038 ergo:
775 949 890 1029 ἔμειναν
914 953 944 1016 δὲ
968 952 992 1017 οί
1014 953 1095 1034 σαρίι
1117 951 1171 1024 την
1196 950 1350 1017 ίοίλατταν
1371 953 1489 1017 οἰκοῦν-

361 1091 420 1140 τες,
445 1067 547 1132 deleto
571 1065 629 1130 καί.
1484 1059 1486 1064 ’

407 1179 438 1244 C.
462 1180 503 1262 H,
528 1181 567 1244 27
592 1177 632 1242 τοὶ
655 1179 687 1242 δέ
710 1177 885 1260 ἡρπασμένα
908 1177 1085 1261 butticula,
1111 1177 1144 1253 bv
1168 1203 1223 1244 τον
1249 1165 1490 1260 ἐντνγγροίνωσιν,

362 1291 598 1370 ἀπολαμβάνειν.
633 1292 720 1357 Haec
755 1292 852 1358 verba
881 1311 986 1376 neque
1017 1314 1160 1378 unquam
1191 1294 1344 1376 intellexi,
1375 1311 1491 1378 neque

363 1428 451 1473 nuno
472 1409 623 1492 intelligo.
649 1407 755 1492 Vulgo
779 1409 825 1471 sic
847 1407 913 1472 fere
933 1407 1151 1492 explicantur:
1175 1407 1305 1490 ,Cyrus
1324 1407 1492 1490 Syennesi

364 1528 453 1606 rapta
475 1523 640 1606 mancipia,
663 1521 767 1585 sicubi
791 1519 903 1585 Cilices
927 1523 960 1585 in
985 1541 1022 1586 ea
1045 1523 1241 1605 incidissent,
1263 1522 1490 1606 recuperanda

364 1633 536 1718 permisit.''
568 1633 731 1717 (Kiihner).
756 1633 818 1698 Sed
841 1633 979 1697 absurda
1001 1635 1080 1698 mihi
1102 1636 1179 1699 haec
1203 1635 1371 1720 explicatio
1393 1635 1492 1698 vide-

365 1754 426 1813 tur.
462 1747 526 1812 Ubi
558 1749 653 1830 onim,
685 1767 812 1832 quaese,
836 1747 1008 1829 Sycnnesis
1039 1751 1073 1812 in
1097 1751 1157 1813 ista
1180 1751 1338 1834 mancipia
1359 1753 1492 1833 poterat

365 1862 515 1944 incidere,
548 1863 610 1925 nisi
640 1863 673 1925 in
707 1861 782 1943 Cyri
815 1863 952 1926 castris?
976 1863 1028 1926 An
1053 1863 1134 1927 forte
1156 1868 1245 1948 rapta
1268 1865 1428 1948 mancipia
1453 1865 1492 1926 in

366 1977 450 2060 agris
477 1975 575 2040 libere
599 1976 828 2060 circumvagari
851 1975 978 2041 solent?
1002 1975 1075 2039 Non
1099 1981 1203 2040 nmen
1228 1977 1491 2042 emendationem

366 2091 497 2174 reperi0,
533 2109 614 2172 quac
645 2090 722 2153 mibi
749 2091 825 2154 satis
848 2090 976 2173 placcat.
1000 2088 1192 2154 Dubitanter
1214 2091 1347 2154 coniicio
1371 2087 1404 2162 ἥν
1430 2113 1490 2153 τον

366 2199 556 2282 τογχοίνωσιε
591 2205 619 2267 si
652 2203 733 2266 forte
764 2204 798 2266 in
830 2202 908 2267 urbo
939 2203 1116 2287 diripienda
1146 2208 1176 2268 et
1198 2204 1343 2268 homines
1366 2205 1490 2288 captivi

368 2322 473 2382 essent
502 2315 631 2380 abducti
663 2318 707 2396 (in
739 2321 842 2379 castra
871 2317 1043 2398 nimirum).
1074 2316 1222 2382 Licoatne
1245 2323 1373 2402 propter
1396 2337 1490 2402 prae-

369 2431 483 2496 cedens
515 2427 693 2510 ἡρπασμένα
716 2427 800 2513 apud
826 2430 958 2494 verbum
982 2428 1142 2510 τυγχάνειν
1165 2433 1368 2515 participium
1391 2433 1489 2494 omit·

369 2548 444 2626 tere,
467 2543 597 2606 videant
620 2542 784 2606 doctiores.

415 2656 447 2720 O.
470 2655 528 2739 HI,
553 2659 592 2720 15
617 2658 653 2728 ὡς
677 2656 731 2734 μέν
755 2658 1000 2738 στρατηγήσοντα
1021 2658 1074 2736 ἐμέ
1096 2657 1208 2733 ταύτην
1230 2658 1283 2732 την
1303 2657 1489 2737 στρατηγίαν

370 2768 476 2848 μηδείς
510 2769 589 2846 ὑμῶν
616 2767 744 2848 Ιιιεγέτιο,
783 2769 901 2854 (πολλοὶ
935 2769 992 2852 γαρ
1022 2772 1102 2852 ἐνορῶ
1134 2769 1223 2835 δι’-σί
1255 2769 1321 2847 ἐμοί
1344 2774 1430 2835 τοῦτο
1456 2771 1488 2836 οὐ

370 2881 519 2970 πονητέον)
556 2885 592 2955 ὡς
628 2883 659 2947 δέ
692 2885 732 2963 τῷ
765 2882 856 2965 οίνδρὶ,
892 2882 920 2948 ὃν
954 2883 990 2947 ἂν
1020 2881 1130 2957 ἕλησθε,
1163 2883 1301 2961 τείσομαι
1325 2879 1343 2964 ᾖ
1366 2883 1489 2948 δυνατὸν

372 2995 518 3074 μοίλιστα,
541 2993 587 3060 ίνα
609 2996 702 3070 εἰδῆτε
725 2994 767 3060 ίτι
790 2994 841 3060 καὶ
862 2994 1004 3078 ίιρχεσίαι
1024 2996 1189 3074 ἐπίσταμαι
1209 2994 1245 3069 ίίς
1266 3020 1309 3069 τις
1321 2995 1373 3060 καί
1385 2994 1489 3067 datae.

373 3111 457 3188 Quid
481 3111 542 3175 sibi
564 3111 640 3176 velit
663 3113 700 3183 ὡς
723 3113 757 3176 in
781 3113 817 3184 ὡς
841 3112 872 3176 δέ
895 3112 934 3192 τῷ
955 3111 1042 3193 οίνδρί,
1063 3132 1127 3176 non
1148 3113 1240 3177 facile
1260 3113 1354 3177 dicas.
1373 3111 1490 3176 Remo-

372 3224 462 3290 vebis
483 3225 566 3288 hanc
590 3225 774 3308 molestiam,
798 3233 828 3290 ot
851 3226 949 3289 simul
972 3228 1160 3290 sententiam
1185 3227 1285 3290 multo
1305 3227 1490 3290 concinnio-

373 3359 441 3404 rem
464 3338 577 3402 reddes
601 3339 734 3422 legcndo
759 3337 934 3414 πεισόμενον.

419 3451 450 3516 O.
473 3451 529 3533 IV,
553 3453 582 3514 4.
606 3450 639 3515 Si
663 3452 740 3535 quid
765 3472 906 3536 unquam
927 3453 1002 3535 vidi,
1023 3453 1109 3537 qnod
1128 3453 1306 3518 absurdum
1327 3453 1490 3535 esset,hoc

375 3571 438 3631 est:
463 3564 511 3629 ἐτί
532 3563 563 3628 δέ
586 3571 647 3636 τοῖς
668 3563 793 3644 τείχεσιν
814 3563 990 3645 ἀμφοτέροις
1010 3563 1182 3646 ἐφέστασαν
1202 3565 1304 3631 σέλαι.
1318 3566 1390 3630 Non
1404 3564 1489 3630 onim

375 3681 437 3743 alio
472 3679 566 3742 modo
600 3679 678 3742 haec
707 3679 803 3742 verba
836 3680 915 3743 verti
945 3686 1089 3763 possunt,
1122 3700 1236 3763 quam:
1268 3680 1303 3743 ι’νο
1333 3679 1491 3743 moenibus

375 3793 503 3857 stabant
529 3797 647 3873 portae.
678 3791 791 3876 Neque
822 3793 861 3855 ad
887 3812 924 3856 ca
946 3792 1142 3858 defendenda
1166 3793 1276 3858 afferre
1299 3793 1380 3874 licet,
1404 3792 1489 3877 quod

377 3911 425 3970 est
447 3906 530 3990 apud
557 3905 757 3970 Herodotum
782 3905 818 3988 (I,
844 3906 916 3987 180,
942 3907 992 3988 13)
1016 3903 1140 3977 σελίδες
1164 3905 1277 3980 ἐσησαν
1302 3907 1384 3985 (vide
1408 3908 1491 3970 eius-

378 4020 537 4083 demmodi
566 4020 662 4102 locos,
693 4038 773 4103 quos
805 4018 944 4083 Steinius
973 4019 1090 4102 affert):
1123 4020 1168 4083 ibi
1200 4022 1284 4084 enim
1317 4040 1420 4085 sermo
1444 4023 1492 4084 est

380 4134 419 4196 de
448 4133 517 4210 viis,
548 4132 592 4196 ad
620 4153 757 4213 quarum
780 4132 895 4196 emitum
920 4137 1004 4195 stant
1027 4137 1144 4216 portae,
1171 4132 1268 4217 idque
1290 4139 1374 4198 recte
1396 4134 1490 4198 verbo

378 4246 490 4314 ἐπεῖναι
514 4245 718 4346 significatur,
741 4246 796 4312 sod
817 4266 858 4311 ne
879 4246 926 4310 ibi
949 4247 1078 4332 quidem
1099 4245 1261 4328 ἐφεστάναι
1279 4248 1355 4314 ferri
1374 4253 1489 4335 posset.
