3354 5268
773 627 904 696 29·

238 839 366 903 quoque
387 822 424 882 in
442 819 564 902 agendo
583 818 645 882 fuit
662 818 782 900 ardore,
803 819 912 882 eodem
935 822 983 882 est
1002 821 1036 882 in
1048 819 1224 883 scribendo.
1237 818 1358 894 Quavis

237 934 354 1016 pagina
377 933 475 995 sentis
497 950 573 995 eum
597 931 734 994 scribere
757 932 908 1014 coepisse,
932 931 1124 1015 simulatque
1147 938 1220 1016 post
1240 931 1359 996 bellum

237 1046 366 1128 requies
389 1044 462 1107 data
486 1048 578 1125 esset,
601 1063 637 1106 eo
658 1048 798 1126 tempore
818 1063 918 1126 quum
940 1045 1103 1107 etiamtum
1125 1046 1157 1106 in
1172 1044 1241 1108 eius
1255 1049 1360 1107 mente

240 1159 381 1241 vigerent
404 1163 435 1220 et
458 1164 531 1220 ante
555 1156 663 1220 oculos
687 1161 807 1219 starent
830 1157 972 1239 pericula
995 1163 1150 1240 superata,
1175 1158 1360 1240 proeliaque

237 1271 414 1333 commissa.
438 1269 478 1332 Iu
502 1269 600 1332 altera
623 1288 698 1332 vero
721 1271 863 1352 parteis
887 1269 1030 1352 loquitur
1053 1270 1147 1332 ouius
1165 1270 1358 1332 famamiam

236 1384 415 1446 attriverint
438 1400 592 1463 rumores,
616 1383 682 1443 nati
705 1400 747 1444 ex
765 1382 968 1445 inimieorum
989 1381 1275 1463 criminationibus,
1289 1383 1360 1464 qui·

237 1495 298 1558 bus
329 1494 368 1557 ab
400 1494 539 1558 adventu
562 1493 794 1577 Trapezuntem
818 1513 921 1576 usque
945 1494 983 1557 ad
1008 1495 1185 1558 exercitum
1206 1493 1358 1558 Thibroni

236 1607 388 1670 traditum
408 1606 504 1670 fuerit
525 1607 698 1690 expositus.
718 1604 778 1668 Illa
797 1612 902 1669 autem
920 1587 1239 1689 criminosorumque
1252 1607 1359 1671 defeu-

237 1722 358 1784 sionem
395 1721 525 1783 minime
556 1721 771 1783 necessarium
803 1725 870 1782 erat
899 1720 1005 1782 statim
1028 1725 1100 1802 post
1123 1720 1357 1803 expeditionem

236 1833 408 1895 memoriae
439 1832 605 1894 mandare:
631 1851 696 1893 non
720 1831 780 1894 hoc
804 1831 975 1914 cupiebant
998 1833 1054 1914 qui
1075 1834 1198 1896 itineris
1221 1834 1358 1898 reditus-

237 1963 299 2026 que
327 1943 455 2007 fuerant
477 1944 616 2006 comites.
642 1942 704 2006 Sed
728 1949 797 2006 tum
821 1963 858 2006 ea
881 1945 1043 2027 scriptoris
1068 1944 1253 2011 defensione
1276 1965 1357 2029 opus

236 2063 312 2139 erat,
336 2077 437 2139 quum
462 2057 523 2119 iam
548 2056 745 2138 aliquamdiu
769 2057 864 2119 exsul
887 2075 904 2119 e
927 2059 1029 2139 patria
1047 2057 1161 2122 fuisset
1181 2060 1358 2142 etinpere-

234 2171 326 2252 grina
359 2174 443 2232 terra
474 2169 616 2249 vixisset,
645 2169 848 2251 popularium
873 2188 1005 2232 suorum
1032 2171 1275 2253 vicinorumque
1301 2170 1356 2233 ob-

235 2283 353 2345 noxius
373 2282 559 2360 calumniis3
580 2281 729 2344 facillime
742 2301 817 2344 vero
830 2282 1048 2365 intelligimus
1061 2287 1130 2345 tum
1142 2301 1213 2346 eum
1229 2303 1355 2347 omnem

235 2415 254 2457 a
277 2414 311 2458 se
330 2394 485 2457 iuvidiam
506 2412 669 2457 removere
689 2394 838 2474 voluisse,
859 2414 958 2476 quum
978 2395 1039 2456 iam
1054 2413 1180 2476 sperare
1193 2397 1357 2478 coepisset,

235 2528 269 2572 se
303 2508 474 2591 aliquando
509 2527 581 2570 oum
618 2508 720 2590 patria
750 2527 808 2570 sua
838 2508 872 2569 in
902 2508 1037 2589 gratiam
1060 2507 1248 2571 rediturum.
1272 2507 1356 2592 Ergo

236 2640 318 2703 quae
340 2621 461 2702 iamin
486 2620 618 2683 Thracia
640 2619 810 2702 Pontoque
834 2617 896 2681 sibi
919 2618 1037 2682 fuerint
1056 2620 1242 2683 inimicitiae
1263 2619 1356 2684 sube-

236 2734 348 2811 undae,
372 2752 502 2816 quoque
526 2732 620 2796 modo
644 2732 934 2814 easrepulsaverit,
954 2736 1018 2793 tam
1040 2738 1186 2795 accurate
1208 2732 1357 2796 describit

236 2851 270 2909 ut
292 2846 454 2909 interdum
479 2864 628 2929 praesens
652 2845 762 2908 adesse
786 2844 845 2908 tibi
865 2844 1003 2908 videaris
1020 2845 1056 2906 in
1075 2844 1193 2906 iudicio
1208 2844 1246 2907 de
1258 2847 1356 2928 scrip-

234 2961 311 3023 toris
345 2961 454 3042 capite.
490 2958 554 3022 Res
585 2980 604 3022 a
635 2978 669 3022 se
698 2959 842 3042 gloriose,
872 2956 1100 3041 plaudentibus
1124 2957 1273 3020 omnibus
1300 2959 1356 3040 qui

236 3072 376 3153 aderant,
410 3078 516 3155 gestas
550 3091 615 3134 non
646 3090 779 3154 possum
810 3071 937 3134 credere
966 3069 1212 3153 Xenophontem
1246 3070 1354 3134 eodem

235 3190 376 3268 tempore
406 3185 506 3248 literis
537 3185 714 3265 mandasse,
747 3203 810 3267 quo
843 3204 901 3247 sua
924 3203 998 3246 oum
1022 3183 1140 3246 invidis
1164 3184 1354 3248 adversariis

234 3298 414 3360 certamina.
437 3295 550 3359 Libros
575 3302 680 3360 autem
705 3295 845 3359 V—VlI
869 3297 1002 3378 scriptos
1025 3314 1105 3378 esse,
1124 3315 1226 3380 quum
1247 3295 1357 3360 Xeno-

234 3409 319 3493 phou
344 3411 406 3472 iam
432 3409 552 3472 multos
578 3428 679 3472 annos
703 3407 860 3472 Scillunte
879 3409 1021 3489 vixisset,
1040 3428 1081 3473 ex
1102 3428 1212 3473 unare
1225 3409 1356 3473 demon-

235 3523 327 3585 strari
358 3527 469 3605 potest,
502 3541 597 3604 quam
630 3521 682 3584 hio
705 3521 892 3604 exposuisse
915 3540 982 3583 non
1004 3521 1118 3585 inutile
1141 3522 1209 3602 erit,
1233 3522 1357 3584 etiamsi

235 3654 305 3698 mea
328 3635 375 3726 de'
391 3634 534 3698 Anabasi
559 3636 592 3696 in
614 3634 694 3697 duas
714 3639 818 3717 partes
838 3633 1009 3697 dividenda
1030 3635 1136 3718 opinio
1148 3633 1354 3718 improbetur.

233 3746 368 3810 Nullum
399 3753 465 3810 tota
488 3747 707 3830 Peloponneso
731 3746 886 3829 populum
910 3745 1057 3830 Spartani
1080 3748 1181 3830 magis
1205 3747 1356 3829 despicie-

235 3860 319 3942 bant,
338 3860 591 3942 contemnebant,
609 3860 795 3924 deridebant
808 3881 903 3943 quam
918 3859 1068 3941 Arcades
1079 3861 1142 3922 iam
1156 3878 1193 3923 eo
1206 3864 1356 3943 tempore,

235 3993 298 4056 quo
322 3974 467 4037 mercede
491 3974 641 4037 conducti
665 3972 838 4056 Spartanos
860 3975 895 4036 in
919 3972 1037 4036 bellum
1059 3972 1283 4055 sequebantur,
1306 3973 1357 4036 rel

235 4104 291 4168 spe
325 4084 460 4168 praedae
490 4104 564 4148 cum
594 4084 659 4148 illis
690 4086 724 4147 iu
756 4085 890 4148 aliarum
912 4086 1056 4168 gentium
1077 4086 1224 4168 regiones
1247 4086 1356 4148 incur-

234 4199 341 4262 siones
363 4197 521 4262 faciebant
542 4197 590 4277 (of.
613 4196 696 4261 Hell.
718 4197 779 4278 HI,
803 4199 832 4278 2,
856 4197 918 4279 26),
940 4198 996 4261 sed
1016 4198 1116 4261 multo
1137 4199 1238 4282 magis
1257 4200 1354 4262 etiam

234 4317 404 4395 postquam
438 4312 547 4375 tollere
581 4317 677 4394 caput
709 4315 891 4394 coeperunt,
922 4311 1068 4375 disiectas
1100 4310 1195 4375 urbes
1219 4313 1356 4381 suasim
