3348 5262
850 585 916 649 278

317 773 349 834 et
380 771 544 853 scriptoris
577 770 750 834 orationem
781 771 970 853 ineptiorem
993 769 1269 854 languidioremve
1289 773 1442 855 reddant3

316 888 347 946 et
379 902 422 948 ne
450 883 511 946 hoc
542 882 673 966 quidem
704 883 781 948 satis
812 882 943 948 firmum
975 902 1045 948 esse
1069 883 1237 968 indicium,
1260 887 1324 950 nisi
1347 887 1445 950 simui

316 999 473 1079 appareat,
508 1014 572 1079 qno
608 996 741 1059 consilio
777 995 853 1059 olim
888 997 923 1058 in
959 996 1103 1080 margine
1136 995 1256 1062 fuerint
1285 1003 1443 1081 annotata,

317 1127 447 1192 quoque
471 1127 548 1172 casu
570 1113 681 1192 postea
703 1111 738 1172 in
760 1112 886 1172 textum
910 1109 1105 1192 irrepserint.
1131 1107 1234 1184 Quam
1258 1111 1363 1194 legem
1386 1113 1444 1195 qui

315 1221 452 1286 fideliter
486 1221 672 1305 observarit,
706 1222 793 1286 haud
822 1221 972 1286 inutilem
1004 1224 1151 1307 scriptori
1174 1243 1303 1308 operam
1326 1244 1443 1290 navare

314 1337 437 1422 poterit.
461 1333 558 1399 Nunc
581 1335 621 1400 ad
643 1338 843 1420 propositum
866 1340 1003 1402 transeo.

763 1913 938 1980 LIBER
971 1913 996 1978 I.

363 2138 464 2223 Caput
487 2137 513 2222 Ι,
536 2142 565 2201 4.
598 2136 739 2203 Classem
770 2137 1011 2222 Spartanorum,
1041 2138 1095 2201 oui
1126 2142 1271 2222 praeerat
1294 2137 1445 2224 Dertona,

317 2253 532 2317 Athenienses
566 2271 664 2336 prope
697 2250 876 2316 Rhoeteum
912 2251 1055 2335 aggressi
1085 2256 1178 2315 sunt:
1211 2270 1313 2336 aequo
1342 2252 1448 2318 Marte

319 2368 497 2432 discessum
532 2370 588 2430 est.
618 2363 786 2430 Mindarus
818 2365 895 2428 dum
918 2364 1030 2428 Troiae
1052 2383 1119 2429 rem
1144 2364 1286 2428 divinam
1311 2365 1449 2431 faciebat

317 2480 372 2543 illo
396 2479 516 2563 proelio
541 2482 708 2561 conspecto
729 2475 840 2553 ἐβοήθεε
859 2473 909 2539 ἐπὶ
928 2476 982 2549 τάν
1003 2474 1166 2550 θάλοιππάν,
1188 2475 1239 2541 κοά
1258 2476 1446 2552 καθελκύσας

317 2591 373 2662 πάς
403 2591 508 2655 ἑαυτοῦ
538 2588 654 2670 πρνάοενς
685 2587 814 2652 ἀπέπλεε
844 2587 921 2662 ὅπως
948 2588 1096 2668 ἀνοιλάβον
1119 2589 1176 2662 πάς
1200 2590 1282 2668 aava
1307 2589 1445 2671 Δωριέως.

317 2704 415 2769 Haud
443 2705 557 2769 leviter
587 2705 664 2766 mihi
687 2704 839 2767 hocloco
862 2703 998 2768 verbum
1023 2705 1170 2768 ἀποπλεῖν
1195 2704 1349 2789 displicet.
1373 2705 1447 2770 Ple

317 2837 456 2902 rumque
489 2819 573 2882 eninr
608 2817 752 2880 ἀποπλεῖν
786 2816 944 2900 significat
977 2816 1101 2881 ἀονννννννν
1133 2819 1304 2902 navigare3
1339 2837 1446 2902 neque

320 2938 427 2996 tamen
458 2930 619 2994 infitiabor
649 2931 743 2994 etiam
767 2930 807 2994 de
830 2949 866 2994 eo
889 2928 1033 2994 adhiberi
1056 2949 1160 3014 posse,
1184 2933 1240 3015 qui
1262 2931 1302 2994 ab
1325 2930 1386 2995 aiio
1409 2933 1445 2995 in

319 3045 417 3108 alium
452 3045 560 3108 locum
591 3043 729 3108 navibus
760 3042 983 3126 proficiscitur,
1013 3050 1050 3107 ut
1079 3049 1135 3108 aut
1159 3043 1252 3107 aliam
1276 3046 1446 3108 stationem

321 3161 454 3241 quaerat
483 3163 539 3220 aut
569 3175 686 3220 novam
717 3155 793 3220 belli
822 3155 984 3219 fortunam
1009 3157 1201 3239 experiatur.
1224 3155 1381 3240 Exemplo
1404 3159 1446 3221 sit

321 3270 407 3354 quod
441 3270 559 3353 legitur
591 3267 625 3332 L.
655 3269 695 3352 V,
729 3270 757 3351 1,
782 3269 818 3331 6:
856 3267 1072 3351 (Nicolcchus)
1108 3267 1371 3348 superspatiosum
1405 3269 1446 3341 εἰς

320 3382 443 3448 Τένεδον
476 3382 559 3463 idaiae
589 3381 642 3453 τὴν
673 3382 773 3462 χώραν
804 3379 856 3445 aa}
888 3380 1038 3461 χράμάτά
1070 3381 1173 3459 λαβὼν
1196 3379 1383 3445 ἀπέπλευσεν
1406 3382 1447 3454 εἷς

320 3493 462 3575 Ἄβυδον.
489 3497 551 3562 Sed
575 3495 733 3560 eiusmodi
754 3496 834 3559 iocis
853 3501 961 3560 tamen
981 3513 1106 3578 semper
1126 3496 1223 3558 simul
1241 3495 1341 3578 locus,
1361 3496 1447 3560 uude

321 3613 438 3696 aliquis
460 3609 680 3694 proficiscitur,
702 3611 882 3693 respicitur,
904 3611 947 3672 ita
967 3614 1004 3672 ut
1023 3607 1037 3670 i
1056 3605 1213 3671 ἀποπλέων
1233 3608 1309 3672 inde
1322 3608 1448 3672 dicatur

321 3726 374 3788 vel
404 3723 544 3807 perfecto
567 3723 709 3798 consiliu,
732 3723 833 3786 cuius
848 3741 945 3786 causa
969 3741 1005 3786 ec
1029 3725 1169 3802 venerat,
1192 3722 1245 3784 vei
1269 3740 1304 3786 re
1328 3721 1448 3785 infecta

322 3837 446 3900 abiisse.
476 3835 636 3900 Neutrum
668 3836 783 3899 horum
812 3837 848 3898 in
877 3853 1019 3919 eaquae
1043 3833 1250 3900 deMindaro
1274 3841 1448 3899 narrantur

323 3948 465 4033 quadrat.
495 3949 550 4010 An
576 3947 658 4012 forte
682 3948 800 4012 dicitur
823 3948 933 4012 relicto
958 3947 1121 4030 sacrificio,
1146 3947 1232 4031 quod
1254 3949 1448 4031 instituerat,

322 4061 438 4142 Abydo
473 4060 612 4125 abiisse?
644 4060 716 4124 Hoc
739 4080 840 4144 quum
864 4079 922 4144 per
944 4079 978 4124 se
1000 4059 1176 4124 absurdum
1197 4062 1247 4142 sit,
1271 4063 1448 4144 quominus

322 4176 374 4239 rel
409 4195 427 4238 a
459 4175 713 4258 pertinacissimo
743 4174 924 4237 adversario
957 4173 1112 4256 afferatur,
1142 4173 1324 4257 impediunt
1347 4177 1446 4242 etiam

322 4287 419 4351 verba
448 4289 613 4352 interiecta
643 4284 754 4363 ἐβοήθει
785 4283 835 4349 ἐπὶ
859 4285 912 4360 riv
937 4283 1091 4349 drihercurt
1115 4283 1191 4356 darer
1214 4283 1363 4362 ἀνοολάβον
1387 4285 1447 4360 rota
