3354 5268
758 609 798 670 27

274 793 302 854 3.
325 791 362 854 ld
388 790 474 875 quod
498 792 533 854 in
555 790 781 875 Xenophontis
803 792 946 857 Historia
971 793 1091 859 Graeca
1115 796 1154 860 de
1171 796 1345 861 Themisto-

228 922 308 988 gene
333 904 535 985 Syracusano
559 910 715 968 narratur.

274 1016 300 1078 1.
336 1015 494 1080 Anabasis
529 1021 668 1099 quatuor
701 1016 776 1080 libri
805 1019 935 1101 priores
967 1023 1004 1082 ut
1035 1040 1161 1084 summa
1192 1023 1348 1085 sermonis

228 1129 391 1212 elegantia,
425 1131 471 1191 ita
501 1135 532 1193 et
563 1131 705 1192 maxima
735 1131 935 1214 simplicitate
959 1136 1131 1216 conscripti
1154 1140 1239 1198 sunt.
1264 1134 1349 1210 Quid

229 1239 304 1321 Cyri
329 1241 406 1304 socii
431 1239 544 1304 Graeci
566 1243 731 1324 gesserint,
757 1244 834 1325 quid
854 1245 894 1307 iis
914 1245 1071 1322 acciderit,
1085 1266 1149 1328 quo
1163 1248 1256 1311 modo
1269 1249 1349 1321 salvi

229 1353 268 1416 ad
298 1353 440 1417 Pontum
474 1353 641 1417 Euxinum
673 1357 884 1438 pervenerint,
908 1357 1058 1422 omnibus
1090 1361 1218 1424 remotis
1242 1360 1349 1434 amba-

227 1465 322 1548 gibus
360 1468 538 1550 exponitur.
573 1467 608 1531 Si
643 1471 771 1551 quaeris
803 1469 881 1552 quid
913 1471 955 1533 sit
977 1489 1089 1534 eorum
1114 1479 1350 1556 argumentum,

229 1578 310 1641 duas
344 1598 395 1642 res
423 1579 564 1643 indicare
596 1582 672 1644 satis
703 1587 768 1644 est:
800 1581 971 1646 Persarum
994 1584 1128 1649 insidias
1151 1591 1183 1649 et
1206 1587 1348 1669 pericula

229 1689 419 1754 aBarbaris
447 1693 609 1755 intentata.
633 1691 716 1756 Nam
739 1695 864 1777 primus
887 1695 967 1758 liber
990 1697 1069 1760 nihil
1092 1698 1158 1762 fere
1179 1704 1227 1762 est
1251 1719 1348 1783 quam

229 1801 269 1864 ad
293 1821 402 1865 earum
426 1821 534 1866 rerum
558 1803 802 1886 descriptionem
822 1806 983 1888 praefatio.
1002 1808 1129 1891 Raptim
1150 1829 1233 1894 quae
1251 1810 1349 1876 fuerit

230 1914 304 1995 Cyri
327 1935 401 1978 cum
425 1915 521 1995 fratre
546 1915 619 1980 belli
643 1937 739 1981 causa
763 1920 964 2002 designatum
989 1923 1148 2004 quomodo
1169 1925 1347 1988 exercitum

230 2028 385 2093 Graecum
423 2029 529 2117 duces,
560 2030 679 2113 quibus
711 2051 747 2095 ea
778 2051 829 2096 res
852 2034 1000 2097 mandatu
1023 2041 1098 2117 erat,
1121 2039 1348 2120 contraxerint,

229 2143 339 2224 paucis
371 2141 476 2206 verbis
509 2145 695 2226 exponitur:
722 2164 785 2227 qua
809 2146 861 2208 via
882 2147 1016 2228 profecti
1038 2149 1102 2210 sint
1124 2149 1168 2211 ita
1192 2154 1350 2232 narratur,

230 2260 267 2318 ut
288 2260 412 2338 praeter
435 2257 566 2319 nomina
591 2256 729 2339 urbium,
753 2258 905 2341 quodque
928 2265 1012 2324 esset
1033 2261 1116 2324 inter
1135 2281 1187 2325 eas
1210 2264 1347 2345 spatium

230 2369 287 2430 vix
312 2369 488 2451 quidquam
514 2369 611 2434 lector
634 2377 820 2453 eognoscat3
845 2374 948 2455 ipsius
970 2374 1082 2456 proelii
1106 2376 1243 2438 narratio
1265 2377 1350 2440 eius-

232 2482 316 2544 modi
352 2487 400 2546 est
435 2488 479 2564 ut,
511 2502 707 2566 quamquam
739 2486 820 2547 nihil
850 2486 940 2567 desit,
962 2492 1068 2550 tamen
1097 2487 1176 2549 nihil
1200 2487 1349 2552 abundet.

230 2595 305 2659 Tres
335 2598 460 2659 tantum
489 2615 540 2659 res
564 2600 649 2678 sunt,
673 2596 791 2679 quibus
816 2600 950 2681 scriptor
972 2600 1067 2682 paulo
1092 2600 1215 2664 diutius
1237 2602 1351 2665 immo·

230 2714 333 2772 retur:
359 2709 497 2771 militum
522 2708 681 2773 tumultus
702 2731 721 2772 a
741 2710 877 2774 ducibus
899 2712 1007 2792 sedati,
1021 2711 1159 2777 Orontae
1177 2713 1349 2795 proditoris

232 2820 462 2908 condemnatio,
485 2819 560 2900 Cyri
585 2821 743 2884 demortui
763 2821 912 2885 laudatio.
933 2823 998 2886 Ubi
1017 2843 1091 2887 vero
1103 2823 1221 2887 librum
1235 2843 1350 2888 secuu-

232 2933 308 2995 dum
332 2933 437 3016 legere
464 2934 604 3016 coepisti,
628 2935 773 3016 agnoscis
797 2935 981 3017 scriptorem
1010 2954 1046 2998 eo
1069 2937 1261 3018 pervenisse,
1285 2957 1349 3018 qno

231 3044 426 3128 properabat.
451 3043 560 3127 Atque
582 3035 663 3107 liber
687 3044 815 3127 quidem
841 3044 1002 3109 secundus
1026 3051 1112 3109 totns
1136 3047 1276 3130 repletus
1300 3055 1348 3112 est

232 3160 346 3221 artium
372 3164 403 3222 et
424 3158 621 3221 fallaciarum
641 3160 831 3240 narratione,
852 3157 970 3241 quibus
989 3158 1060 3222 Rex
1081 3165 1111 3222 et
1122 3161 1349 3242 Tissaphernes

232 3271 336 3333 conati
367 3276 442 3334 sunt
469 3270 865 3340 exercitumGraecorum
887 3273 920 3333 in
944 3290 1035 3334 suam
1056 3277 1243 3354 potestatem
1267 3273 1350 3336 redi-

232 3402 321 3467 gere:
364 3388 512 3447 accurate
547 3382 746 3465 describitur,
779 3403 845 3466 quo
879 3384 972 3448 modo
1008 3383 1179 3448 Clearchus
1214 3386 1349 3468 eiusque

233 3497 370 3579 collegae
395 3515 506 3559 eorum
529 3497 662 3560 consilia
685 3499 906 3580 perspexerint
924 3502 956 3561 et
976 3498 1133 3579 evitarint,
1147 3498 1347 3580 quatandem

232 3607 364 3691 perfidia
399 3609 496 3671 duces
530 3609 718 3693 lochagique
752 3608 865 3672 Graeci
898 3610 1036 3672 inermes
1065 3611 1100 3672 in
1131 3610 1350 3692 Tissaphernis

234 3740 348 3784 manus
371 3723 516 3784 venerint
538 3723 706 3806 uocatique
730 3723 801 3785 sint.
824 3720 919 3784 Libro
942 3723 1034 3785 tertio
1056 3726 1235 3804 quartoque
1254 3741 1351 3805 expo-

234 3836 329 3915 nitur,
353 3853 417 3917 quo
437 3834 533 3897 modo
552 3853 608 3917 per
628 3834 834 3898 barbarorum
854 3836 999 3918 regiones
1012 3835 1182 3914 exercitus,
1193 3835 1350 3916 imprimis

232 3947 447 4030 Xenophonte
470 3947 551 4010 duce
572 3949 633 4011 iter
655 3947 772 4010 fecerit.
798 3945 860 4022 Qui
877 3947 996 4010 factum
1018 3947 1061 4010 sit
1079 3951 1114 4008 ut
1127 3946 1167 4009 ad
1179 3948 1350 4029 imperinm

233 4061 413 4144 perveniret
434 4059 625 4143 Xenophon,
649 4060 767 4143 quibus
787 4058 929 4122 Deorum
949 4059 1050 4141 signis
1063 4060 1105 4122 sit
1117 4063 1259 4140 vocatus,
1272 4077 1351 4141 quo·

235 4172 328 4237 modo
351 4172 491 4256 primurn
516 4172 623 4253 duces,
647 4171 761 4234 deinde
783 4171 899 4234 milites
919 4171 1104 4233 adhortatus
1123 4171 1165 4233 sit
1176 4189 1353 4252 eorumque

234 4286 358 4354 animos
391 4284 526 4380 auxent,
561 4281 719 4370 quomodo
754 4283 930 4350 exercitum
963 4282 1141 4364 armaverit,
1171 4281 1212 4347 ad
1244 4283 1349 4347 immi·
