3330 5262
747 571 808 634 371

208 774 286 818 num
323 753 535 838 subegerunt3
571 760 636 834 tuo,
668 754 755 840 quod
785 755 840 818 illo
872 756 980 819 minus
1004 760 1060 837 est
1084 774 1150 818 non
1174 755 1333 838 paroent'’.

209 865 391 932 Delendum
416 887 491 950 ergo
514 886 629 932 censeo
655 865 847 937 Μακεδονίας.

252 980 294 1063 Π,
326 981 375 1044 39.
407 980 501 1044 Fines
534 979 762 1062 Olynthiorum
789 981 968 1064 ingreditur
989 979 1165 1044 Tolentias:
1190 977 1242 1044 καὶ
1265 979 1334 1060 πρὸς

208 1090 263 1171 ριὲν
285 1091 338 1166 την
360 1095 444 1156 πίλιν
468 1094 514 1156 teu
537 1092 597 1157 οὔτ’
622 1091 707 1157 έκαεν
731 1092 790 1157 οὔτ’
815 1091 930 1166 ἔκοπτε,
955 1092 1086 1174 νομίζων,
1111 1091 1137 1158 εί
1157 1118 1185 1157 τι
1209 1093 1335 1168 ποιήσειε

206 1204 323 1278 τούτων,
356 1204 491 1283 ἐμποδὼν
521 1203 557 1269 ἀν
588 1207 666 1286 αὐτῷ
699 1204 800 1270 ποίντα
831 1205 992 1284 γίγνεσθαι,
1026 1204 1078 1270 καί
1109 1207 1248 1286 προσιόντι
1279 1205 1331 1269 καί

209 1317 332 1382 ἀπιόντι·
363 1319 450 1382 ύπθτε
479 1319 511 1382 δέ
542 1319 705 1399 ἀναχωροίη
739 1319 799 1384 ἀπὸ
828 1326 882 1393 Τθθ
913 1319 1033 1392 πόλεως,
1061 1319 1127 1384 τότε
1150 1321 1231 1400 ὀρθῶς
1254 1317 1334 1398 ἔχειν

208 1429 355 1496 κόπτοντα
386 1431 425 1495 τά
457 1430 558 1512 δένδρα
589 1431 723 1508 έραποδὼν
754 1430 970 1509 καταβάλλειν,
1001 1429 1091 1505 εἴτις
1115 1430 1228 1496 ὄπισθεν
1250 1432 1332 1497 ἐπίοι.

209 1545 350 1610 Arbores
377 1546 551 1611 Teleutiam
574 1545 666 1610 εοηιαθ
687 1551 812 1610 tantum
836 1546 988 1612 cedidisse
1013 1549 1133 1630 opinor,
1157 1549 1331 1611 nonenim

209 1677 264 1723 eae
294 1661 356 1723 oito
388 1666 609 1725 renascuntur.
641 1659 742 1725 Credo
775 1680 850 1744 ergo
879 1660 986 1726 verbis
1009 1657 1095 1724 θπίτε
1118 1659 1169 1724 δὲ.
1184 1709 1191 1722 .
1206 1708 1235 1723 ..
1261 1659 1333 1724 ἐπίοι

212 1775 399 1838 sententiam
421 1774 582 1857 quandam
600 1773 760 1838 Teleutiae
777 1775 943 1855 eontineri,
957 1793 1054 1857 quam
1066 1794 1130 1838 non
1143 1777 1177 1837 in
1191 1771 1332 1856 Olyntho

210 1885 314 1949 solum
340 1887 396 1950 sed
417 1888 452 1950 in
476 1886 625 1950 omnibus
645 1885 781 1952 urbibus
801 1887 1024 1970 oppugnandis
1045 1907 1151 1952 veram
1172 1906 1241 1952 esse
1261 1906 1334 1970 eog-

205 2003 325 2081 nosset‚
349 1999 382 2063 id
406 2004 461 2082 est,
485 1999 583 2064 verba
605 1999 665 2063 ἀπὸ
688 2004 742 2072 της
765 1998 875 2071 πόλεως
899 2000 1085 2083 expellenda
1109 2019 1187 2064 esse.

255 2111 356 2196 Caput
379 2111 438 2194 ΙΙΙ,
461 2114 491 2175 4.
516 2110 663 2194 Olynthii
686 2131 728 2176 ex
750 2111 830 2176 urbe
853 2117 983 2195 exeunt,
1003 2131 1168 2196 quumque
1187 2114 1251 2175 iam
1271 2111 1332 2176 flu-

208 2244 282 2289 men
312 2227 518 2307 traieoissent,
547 2225 706 2290 Teleutias
736 2224 953 2290 Tlomonidam
984 2225 1190 2309 peltastarum
1215 2226 1330 2290 ducem

208 2341 365 2423 impetum
390 2341 424 2403 iu
443 2358 497 2404 eos
516 2340 620 2404 facere
639 2340 736 2403 iubet.
756 2338 780 2402 οἱ
797 2335 828 2402 δέ
848 2337 991 2402 Ὀλύνθιον
1012 2340 1049 2410 ὡς
1067 2332 1143 2401 εἶδον
1163 2337 1331 2418 προθέοντας

207 2452 275 2525 τούς
307 2451 491 2524 πελταστάς,
520 2451 759 2532 ἀναστρέψαντες
781 2451 952 2531 ἀπεχώρουν
975 2447 1092 2530 ἥσυχοι,
1115 2449 1167 2515 καί
1189 2449 1331 2528 διέβησαν

207 2563 297 2629 πάλιν
320 2566 367 2630 τὸν
390 2562 534 2642 ποταμόν.
559 2565 582 2629 οἱ
605 2565 631 2628 δ’
657 2563 823 2637 ἠκολούθουν
846 2563 935 2642 ριάλα
960 2562 1092 2644 θρασέως,
1117 2562 1169 2627 καί
1194 2563 1231 2635 ὡς
1255 2562 1330 2644 φεύ-

205 2703 288 2757 γουσι
321 2677 477 2754 διώξαντες
508 2677 709 2756 ἐπιδιέβαινον.
735 2677 891 2762 Corrupto
913 2678 1010 2743 verba
1032 2680 1147 2742 ultima
1170 2697 1239 2742 esse
1263 2697 1330 2741 ma-

206 2794 359 2859 nifestum
377 2794 414 2858 fit
433 2813 451 2859 o
471 2795 636 2878 participio
657 2794 818 2878 praeteriti
838 2794 989 2877 temporis
1006 2788 1168 2865 διώξαντες.
1183 2791 1330 2855 Fortasse

205 2909 378 2993 legendum
405 2914 470 2973 ost:
495 2907 519 2971 οἱ
541 2907 567 2971 δ’
594 2904 770 2981 ἠκολούθουν,
794 2903 845 2970 καὶ
869 2903 958 2984 μύλα
982 2903 1104 2984 θρασέως
1125 2906 1162 2977 ὡς
1186 2903 1330 2985 Φεύγουσι

206 3020 354 3093 διώκοντες
377 3019 579 3098 ἐπιδιέβαινον.
1316 3071 1320 3078 .

249 3134 309 3217 111,
332 3136 360 3198 5.
383 3134 557 3219 Profligato
581 3133 621 3198 ab
647 3133 808 3216 Olynthiis
832 3134 1002 3217 oeeisoque
1019 3132 1206 3197 Tlemonida
1224 3133 1329 3196 iratus

205 3269 279 3314 oum
298 3255 364 3313 toto
380 3251 524 3314 exercitu
535 3251 642 3314 hostes
655 3251 803 3333 persequi
816 3249 955 3312 instituit
965 3247 1140 3312 Tolentias:
1155 3243 1259 3310 πολλοὶ
1271 3244 1327 3324 μὲν

204 3355 250 3427 οὖν
274 3362 308 3436 δη
330 3362 382 3427 καί
406 3360 491 3427 ἀλλον
514 3367 565 3427 τοῦ
585 3367 681 3443 καιροῦ
701 3361 847 3442 ἐγγυτέρω
868 3365 919 3425 τού
930 3360 1048 3440 τείχους
1062 3357 1217 3434 διώξαντες
1230 3365 1328 3432 κακῶς

204 3477 415 3558 ἀπεχώρησαν,
451 3476 503 3541 καὶ
538 3478 636 3542 ἐκείνοι
672 3477 703 3540 δὲ
738 3475 800 3540 ε’πεί
830 3476 890 3540 ἀπὸ
921 3479 977 3539 τῶν
1008 3473 1123 3556 πύργων
1153 3472 1326 3550 ἕβοίλλοντο,

202 3591 368 3672 ἀποχωρεῖν
410 3614 443 3655 πε
477 3588 677 3670 ἀναχκάζοντο
711 3588 943 3667 τεθορυβημένως
976 3587 1028 3653 καί
1063 3587 1328 3669 προφυλάττεσθαι

203 3703 244 3768 τα
277 3703 363 3782 βέλη.
400 3705 449 3769 Ita
480 3705 676 3770 conformata
707 3705 785 3770 haeo
816 3705 975 3768 sententia
998 3705 1055 3785 est,
1078 3708 1113 3767 ut
1136 3722 1201 3766 non
1223 3704 1327 3786 possis

206 3838 271 3882 non
301 3823 414 3902 putare
444 3824 543 3883 totam
574 3819 614 3883 ad
646 3817 778 3900 Olynthi
809 3819 1078 3902 oppugnationem
1106 3817 1274 3899 pertinere,
1296 3820 1328 3879 ot

203 3933 287 3997 inter
311 3952 345 3998 se
373 3935 490 4017 opponi
513 3934 593 3997 duas
616 3937 723 4017 partes
748 3934 909 3997 exereitus
931 3931 1099 3995 Teleutiae.
1122 3929 1193 3992 Non
1218 3933 1327 3993 tamen

204 4047 264 4110 hoe
296 4048 366 4111 vult
396 4045 589 4130 Xenophon,
617 4046 672 4110 sed
696 4047 837 4129 primum
860 4047 894 4107 in
918 4045 1107 4108 universum
1130 4043 1220 4107 docet
1244 4044 1326 4126 peri-

205 4161 353 4224 culosum
396 4179 466 4225 esse
504 4161 600 4224 nimis
635 4178 732 4243 prope
767 4158 808 4221 ad
841 4159 967 4222 moenia
1000 4161 1201 4241 oppugnatae
1235 4156 1325 4221 urbis

205 4273 363 4356 accedere,
386 4271 500 4337 deinde
523 4293 541 4336 a
564 4272 726 4338 Teleutiae
749 4272 894 4336 exercitu
914 4272 1048 4354 eiusque
1066 4271 1199 4335 interitu
1218 4275 1326 4335 exem·
