3352 5260
753 638 794 708 '95

209 829 297 912 Argo
331 847 408 893 voce
436 829 579 912 praedita
609 828 679 893 fuit.
709 828 793 914 Lege
825 849 900 914 ergo
925 828 1014 910 πλοίῳ
1027 851 1044 893 :.
1064 831 1232 896 audiverat
1253 831 1340 897 enim

212 943 251 1006 de
275 941 429 1007 Cleandro
454 963 496 1007 ex
519 944 636 1027 aliquo,
661 945 719 1028 qui
740 942 822 1008 forte
844 944 946 1027 pridie
968 964 1050 1008 nave
1074 945 1256 1011 advenerat.

256 1056 313 1139 lV,
345 1058 395 1120 18.
429 1055 536 1132 Quum
561 1077 629 1121 rem
652 1057 794 1122 divinam
817 1057 920 1122 facere
945 1058 1040 1123 vellet
1063 1058 1245 1144 Xenophon
1270 1058 1338 1141 πρό-

213 1166 299 1244 βατα
329 1167 384 1246 μὲν
414 1167 507 1233 οὐκέτι
538 1164 582 1242 ἦν·
605 1168 677 1246 βοῦς
700 1169 732 1233 δὲ
756 1169 812 1234 ὑπὸ
834 1167 958 1247 ιὶμοέξνς
983 1168 1133 1248 πριάμενοι
1155 1170 1276 1237 ἐδύοντο.
1300 1173 1341 1236 Iu

213 1287 301 1348 touta
334 1285 442 1368 inopia
475 1303 579 1366 nemo,
612 1288 649 1347 ut
678 1285 801 1368 opinor,
824 1284 943 1348 multos
971 1285 1068 1349 simul
1093 1285 1191 1350 boves
1213 1291 1341 1370 mactat,

215 1396 270 1460 sed
303 1416 346 1461 ex
368 1398 467 1461 unius
491 1399 574 1461 extis
598 1397 732 1461 deorum
756 1397 952 1463 voluntatem
976 1418 1168 1484 cognoscere
1193 1405 1340 1466 conatur.

213 1507 298 1594 Lego
321 1529 396 1594 ergo
420 1508 500 1594 βοῦν,
519 1510 606 1594 quod
623 1514 654 1574 et
665 1529 738 1574 cum
752 1511 908 1595 singulari
919 1508 1043 1588 οὶμιὶξιε
1055 1514 1171 1578 melius
1181 1516 1333 1598 iungitur.

258 1624 298 1705 V,
322 1624 371 1686 11.
396 1620 450 1695 πῖον
473 1622 528 1700 μὲν
555 1623 616 1710 (sc.
640 1619 745 1708 τάξιν)
769 1621 818 1687 ἐπὶ
838 1624 871 1688 πδ
891 1621 983 1699 δεξιὸν
996 1623 1152 1706 ἐπέτρεψεν
1164 1624 1336 1707 ἐφέπεσθαι.

215 1735 371 1820 Corrupta
401 1737 478 1801 haee
509 1744 602 1818 sunt3
634 1757 700 1801 non
731 1739 816 1802 enim
849 1737 1008 1818 ἐπιτρέπειν
1034 1740 1214 1824 significare
1237 1746 1343 1824 potest

218 1849 385 1932 ,iubere''.
410 1848 493 1926 Quid
516 1855 623 1914 tamen
648 1853 689 1916 sit
712 1852 884 1936 legendum
909 1854 1027 1916 nescio.

257 1965 297 2046 V,
329 1964 379 2028 16.
411 1963 495 2044 ὁροῖπε
528 1963 564 2035 δὴ
595 1961 710 2045 πότερον
734 1971 862 2044 κρεῖττον
887 1963 957 2027 ἱέναι
981 1963 1028 2027 ε’πὶ
1050 1964 1117 2037 τοὺς
1140 1963 1248 2046 ἄνδρας
1272 1989 1340 2046 προ-

215 2075 399 2154 βαλομένονς
429 2075 470 2139 rol
499 2073 588 2149 ὅπλα,
620 2076 636 2150 ἢ
670 2075 938 2154 μεταβαλομένους
962 2075 1075 2141 ὄπισθεν
1098 2079 1182 2155 ἡμῶν
1206 2079 1340 2151 ἐπιόντας

214 2191 280 2262 ποὺς
303 2189 460 2268 πολεμίους
486 2190 610 2254 θεᾶσθαι.
635 2189 801 2266 Quomodo
822 2191 940 2275 aliquis
960 2197 1102 2271 spectasse
1120 2195 1221 2276 possit
1233 2193 1339 2258 hostes

216 2325 234 2369 a
257 2311 345 2389 tergo
369 2324 403 2370 se
425 2307 632 2388 insequentes
654 2325 719 2368 nou
738 2305 839 2369 video.
859 2305 1007 2370 Paratam
1026 2311 1134 2370 tamen
1149 2306 1339 2371 medicinam

215 2419 338 2483 nullam
361 2419 470 2482 habeo.

259 2533 298 2615 V,
324 2534 373 2596 18.
404 2532 522 2597 Milites
546 2533 669 2596 hostem
691 2551 748 2616 per
772 2536 896 2596 montes
920 2533 1085 2616 vallesque
1109 2538 1339 2616 persequentes

215 2652 247 2711 et
276 2644 367 2718 νοέπος
398 2646 558 2730 quoddam
586 2647 722 2710 transire
745 2665 812 2709 non
835 2646 989 2710 audentes
1012 2647 1057 2709 ita
1081 2646 1275 2729 adhortatur,
1299 2652 1336 2711 ut

215 2761 325 2824 doceat
347 2760 427 2824 nihil
450 2762 484 2822 in
508 2760 629 2844 proelio
649 2759 761 2823 utilius
779 2779 858 2841 esse,
878 2779 975 2842 quam
1001 2766 1072 2843 post
1084 2765 1211 2843 tergum
1223 2760 1340 2824 habere

213 2874 247 2937 id
271 2874 357 2957 quod
379 2874 489 2958 fugam
510 2874 712 2957 reditumque
733 2878 882 2937 moretur.
903 2872 1069 2954 „Vellem”
1082 2873 1190 2957 inquit
1214 2873 1339 2954 „hosti-

215 2987 276 3052 bus
310 2989 416 3051 omnia
451 2992 557 3052 essent
591 2987 740 3070 expedita
774 2987 814 3050 ad
843 2986 952 3069 fugam
981 2985 1075 3049 facile
1099 2986 1336 3069 capessendam.

214 3100 282 3164 Nos
312 3120 388 3165 vero
418 3101 457 3164 ab
487 3103 557 3184 ipso
580 3094 651 3164 loeo
675 3101 797 3164 discere
821 3104 953 3183 oportet,
976 3099 1097 3163 nullom
1120 3118 1191 3164 esse
1214 3101 1277 3164 nisi
1300 3101 1335 3163 iu

214 3217 348 3279 victoria
378 3215 521 3280 salutem.
550 3211 692 3292 θαυμάζοι
716 3213 747 3276 δὲ
770 3210 866 3290 ἔμοιγε
889 3209 941 3276 καὶ
965 3212 998 3276 πὸ
1022 3210 1114 3284 νοέπος
1138 3217 1224 3276 ποῦπο
1249 3211 1277 3276 εἴ
1295 3237 1341 3284 πις

215 3331 332 3406 μᾶλλον
354 3327 479 3409 Φοβερδν
499 3325 607 3407 νομίζει
628 3321 697 3390 εἶναι
717 3330 773 3389 πῶν
793 3324 892 3389 ἄλλων
906 3320 942 3388 ὧν
954 3325 1207 3407 διαπεπορεύμεθα
1219 3325 1338 3406 χοιρίων.

216 3445 283 3513 Πῶς
315 3439 373 3522 γὰρ
403 3440 438 3514 δὴ
469 3439 614 3517 διαβατὸν
644 3440 677 3502 πὸ
701 3437 806 3512 πεδίον,
831 3439 855 3502 εἰ
879 3438 922 3516 μὴ
947 3437 1099 3514 νικήσομεν
1123 3438 1189 3512 τοὺς
1211 3438 1340 3515 inulam

214 3559 277 3628 πῶς
300 3556 332 3620 δὲ
354 3552 375 3620 οδ
398 3554 612 3633 διεληλύθαμεν
633 3552 679 3635 ὅρη
704 3552 738 3627 ἢν
757 3552 927 3618 πελτασταὶ
948 3553 1063 3618 τοσοίδε
1073 3552 1253 3636 ἐφέπωνται.
1266 3555 1340 3620 Non

215 3669 343 3734 difficile
366 3674 414 3734 est
437 3669 553 3751 videre,
576 3674 839 3752 argumentorum
866 3669 980 3733 seriem
1006 3668 1058 3732 hic
1082 3687 1152 3732 esse
1173 3667 1340 3751 perturba·

214 3789 289 3848 tam.
325 3781 491 3859 Quomodo
526 3784 610 3847 enim
646 3801 722 3846 cum
756 3783 815 3846 hac
854 3783 1013 3847 sententia
1045 3781 1161 3863 ,nulla
1189 3786 1237 3845 est
1268 3800 1340 3864 spes

216 3899 328 3962 salutis
351 3900 415 3962 nisi
435 3899 470 3961 in
494 3895 647 3961 victoria''
666 3897 758 3980 iungi
779 3902 810 3960 et
830 3896 997 3960 cohaerere
1018 3900 1122 3979 potest
1135 3895 1220 3979 quod
1233 3896 1341 3979 sequi-

215 4017 285 4077 tur:
325 4031 416 4094 „non
449 4011 523 4096 plus
558 4013 592 4074 in
626 4011 687 4074 isto
719 4011 802 4075 saltu
833 4009 967 4095 periculi
1002 4014 1059 4092 est,
1084 4029 1179 4093 quam
1211 4011 1246 4072 in
1269 4010 1340 4073 aliis

215 4126 301 4209 locis,
323 4145 380 4210 per
403 4145 484 4210 quos
506 4127 567 4189 iter
589 4123 770 4188 fecimns''?
796 4122 899 4199 Quam
917 4124 1027 4207 inepte
1050 4123 1100 4186 his
1121 4122 1226 4186 verbis
1240 4122 1339 4186 subii-

217 4243 348 4305 ciuntur
380 4239 530 4324 pericula,
565 4259 657 4323 quae,
687 4240 714 4303 si
746 4239 829 4302 saltu
862 4256 926 4300 nou
950 4241 1100 4321 superato
1124 4235 1283 4320 redibunt,
1305 4238 1339 4302 in

217 4373 328 4440 campo
359 4354 398 4419 ab
430 4353 602 4439 equitibus,
625 4354 661 4416 in
688 4352 852 4417 montibus
875 4372 894 4416 a
916 4349 1119 4439 pedestribus
1143 4353 1243 4438 copiis
1266 4351 1340 4418 hos·
