3352 5260
690 627 753 691 133

165 814 238 878 silio
269 814 427 897 cuiusque
457 815 504 879 rei
537 814 802 878 demonstrandae
826 815 927 898 gratia
951 820 1098 880 narretur
1121 817 1202 881 illud
1226 818 1290 881 col-

163 927 312 1010 loquium
345 926 552 1010 significatur,
583 945 759 1010 secumque
790 926 941 992 deliberet
972 948 1051 992 num
1077 931 1119 992 sit
1140 928 1291 996 credibile

165 1037 414 1123 Xenophontem
448 1041 532 1104 inter
566 1059 601 1104 se
635 1041 823 1124 opposuisse
856 1040 963 1120 ἐρωτῶν
993 1037 1111 1119 ἤλεγχε
1141 1046 1172 1106 et
1195 1040 1289 1119 λέγων

164 1149 348 1232 συνημέρευε,
386 1153 437 1216 vel
472 1173 573 1236 quum
604 1159 688 1217 esset
720 1152 1014 1234 demonstrandum,
1037 1152 1200 1218 Socratem
1224 1150 1289 1218 non

161 1265 312 1345 ἐρωτῶντα
334 1261 457 1342 ἐλέγξαι
480 1265 536 1330 sed
554 1262 683 1342 λέγοντα
701 1269 912 1345 συνημερεῦσαιι
923 1266 964 1344 τῷ
976 1264 1179 1348 Ἀριστοδήμῳ
1191 1266 1289 1350 (fingo

164 1380 251 1442 enim
283 1397 325 1442 ex
346 1379 387 1442 iis
411 1377 518 1442 verbis
541 1379 681 1462 aliquem
705 1397 837 1443 sensum
858 1397 952 1462 posse
975 1379 1067 1462 elici),
1089 1379 1288 1464 colloquium

163 1491 294 1576 aliquod
324 1492 447 1574 citasse,
470 1510 488 1555 e
512 1512 576 1575 quo
600 1511 733 1576 prorsus
756 1493 952 1556 contrarium
975 1500 1147 1578 appareret.
1174 1493 1290 1560 Nonne

164 1607 251 1669 enim
274 1604 418 1669 Socrates
442 1605 549 1684 ἐρωτῶν
572 1603 692 1683 ἐλέγχει
716 1605 980 1669 Aristodemum?

209 1718 303 1794 Quod
333 1724 438 1782 autem
470 1717 623 1800 dicebam,
655 1737 705 1782 me
735 1720 793 1781 vix
816 1738 918 1782 unum
944 1719 1054 1783 afferre
1077 1738 1171 1803 posse
1195 1740 1289 1804 argu-

162 1837 318 1914 mentum,
353 1851 417 1914 qno
451 1836 556 1895 totum
588 1831 785 1915 colloquium
819 1831 1028 1916 Xenophonti
1062 1831 1287 1916 abiudicarem,

162 1947 345 2010 accuratius
369 1945 524 2009 dixissem
547 1946 575 2009 si
597 1945 787 2029 particulam
806 1945 859 2008 via
879 1947 1066 2010 omisissem.
1078 1945 1187 2012 Unum
1201 1948 1286 2010 enim

164 2059 322 2122 sermonis
357 2058 472 2121 vitium
508 2057 586 2120 mihi
617 2055 803 2122 observasse
833 2058 945 2122 videor
967 2059 1033 2121 tam
1056 2057 1231 2124 absurdum
1257 2063 1288 2122 et

162 2171 347 2254 ridiculum,
366 2176 404 2236 ut
422 2171 463 2235 ab
485 2173 555 2255 ipso
578 2170 793 2255 Xenophonte
811 2175 1020 2236 commissum
1040 2191 1110 2237 esse
1130 2173 1210 2238 mihi
1221 2192 1288 2237 non
1304 2189 1306 2194 ·

161 2286 381 2370 persuadeam.
403 2284 547 2370 Rogatus
570 2288 656 2350 enim
674 2287 909 2370 Aristodemus
928 2289 993 2351 utri
1012 2289 1114 2371 magis
1132 2287 1286 2354 laudandi

161 2405 196 2464 et
229 2400 437 2464 admiratione
473 2400 562 2484 digni
594 2402 668 2483 sint,
703 2402 759 2484 qui
792 2397 904 2464 sibula
934 2398 1048 2480 ἄφρονα
1079 2397 1130 2463 καὶ
1160 2398 1286 2473 ἀκίνητοι

161 2513 290 2595 faciant,
324 2533 365 2577 an
401 2515 457 2597 qui
487 2511 549 2592 ζῷα
572 2509 707 2593 ἔμφρονά
729 2537 763 2576 τε
785 2509 836 2576 aci
861 2509 973 2593 ἔνεργα,
998 2515 1188 2598 respondet:
1212 2513 1287 2577 πολὺ

163 2624 198 2698 νὴ
224 2625 283 2688 Δία
306 2625 330 2689 οἱ
352 2623 424 2704 ζῷα,
448 2623 524 2705 simp
548 2648 585 2702 ys
608 2624 652 2702 μὴ
675 2623 755 2705 τύχῃ
779 2622 834 2688 τινὶ
858 2624 943 2688 ἀλλὰ
965 2625 1021 2690 ὑπὸ
1042 2626 1163 2703 γνώμης
1187 2629 1287 2690 ταῦτα

161 2737 306 2815 γίγνεται.
333 2736 413 2814 Quis
436 2739 521 2802 enim
546 2739 654 2802 credat
676 2737 923 2822 Xenophontem
947 2744 1011 2803 tam
1036 2741 1140 2802 omnis
1161 2739 1286 2822 elegan-

161 2853 226 2915 tiae
257 2850 308 2914 vel
339 2853 446 2934 potius
469 2870 565 2915 sanae
587 2853 705 2915 mentis
728 2857 892 2935 expertem
915 2851 1023 2934 fuisse,
1046 2857 1083 2915 ut
1105 2850 1171 2922 τοὺς
1195 2849 1286 2914 τέκνα

161 2966 324 3042 γεννῶντας
348 2965 467 3028 diceret
488 2962 569 3044 τύχῃ
593 2986 647 3027 τινι
670 2962 733 3043 ζῷα
756 2961 891 3044 ἔμφρονα
914 2965 1025 3030 coreis?
1040 2960 1083 3048 ¹).

208 3078 309 3142 Paulo
331 3079 472 3161 ineptius
495 3083 543 3142 est
565 3083 661 3161 caput
683 3077 730 3140 V:
755 3079 813 3141 vix
836 3079 922 3142 enim
945 3077 1096 3142 credibile
1118 3078 1247 3142 videtur
1266 3099 1285 3141 a

163 3191 376 3276 Xenophonte
397 3190 557 3255 Socratem
578 3192 689 3256 induci
709 3188 772 3271 περὶ
793 3189 965 3270 ἐγκρατείας
984 3191 1023 3254 ad
1043 3191 1199 3275 populum
1212 3210 1287 3255 con-

162 3307 354 3385 tionantem3
380 3306 445 3386 sed,
468 3305 641 3370 dummodo
666 3325 741 3369 cum
764 3304 935 3369 Schenklio
959 3305 1066 3387 §111116
1088 3305 1286 3389 abiiciamus,

164 3438 246 3503 quae
278 3419 413 3483 adversa
440 3418 545 3483 fronte
575 3417 837 3503 praecedentibus
868 3424 1035 3502 repugnat,
1060 3418 1168 3504 aliquo
1193 3420 1286 3483 modo

162 3532 239 3597 ferri
268 3537 372 3595 totum
395 3537 492 3615 caput
513 3537 626 3615 potest,
649 3536 680 3596 et
703 3551 898 3614 quamquam
923 3533 1023 3614 tenui,
1045 3537 1154 3596 tamen
1178 3532 1286 3615 aliquo

161 3645 215 3709 filo
246 3665 322 3709 cum
354 3664 381 3708 c.
409 3646 427 3708 3
459 3647 614 3729 iungitur.
636 3645 740 3709 Tertio
765 3646 849 3708 enim
874 3646 976 3728 capite
999 3646 1152 3708 lautiores
1175 3645 1286 3729 epulas

163 3778 227 3823 non
260 3760 465 3845 expetendas,
498 3759 654 3823 formosas
689 3758 823 3822 feminas
855 3758 1034 3842 fugiendas,
1065 3764 1096 3822 et
1127 3757 1288 3840 quidquid·

161 3873 260 3937 huius
284 3874 326 3937 sit
347 3873 475 3957 generis
501 3872 667 3936 vitandum
690 3890 759 3936 esse
780 3871 1025 3954 demonstratur,
1046 3872 1158 3955 quinto
1179 3875 1286 3936 autem

194 4166 222 4232 l)
240 4168 335 4218 Multos
360 4183 415 4218 esse
437 4169 511 4219 credo
534 4169 581 4233 qui
604 4168 715 4218 Krohnii
732 4168 797 4219 libro
815 4169 845 4218 de
863 4167 965 4218 Socrate
982 4172 1009 4218 et
1026 4167 1197 4233 Xenophonte
1214 4168 1289 4234 lecto,

160 4273 245 4322 quum
271 4259 376 4309 omnino
403 4260 459 4310 eius
482 4264 636 4325 argumenta
661 4274 714 4309 non
731 4259 848 4323 probent,
867 4264 955 4309 mmen
972 4259 1101 4323 decapite
1118 4264 1212 4323 quarto
1229 4260 1288 4310 libri

161 4349 241 4415 primi
257 4364 319 4401 eum
337 4350 469 4406 vemssime
487 4351 630 4416 disputasse
650 4351 801 4402 concedant:
820 4350 883 4412 κάμὲ
900 4348 992 4399 τούτων
1008 4349 1049 4400 ’ἕνα
1067 4348 1170 4412 ἡγείσθω
1187 4347 1253 4402 εἶναι.
