3348 5262
853 609 917 674 220

320 798 447 877 sentire,
481 795 567 879 quod
603 814 699 878 supra
730 814 996 880 unumquemque
1027 796 1144 860 sentire
1176 795 1329 860 dicebam.
1353 795 1442 860 Haec

319 911 404 975 enim
440 909 527 974 illius
557 908 655 974 verba
684 914 762 974 sunt
793 910 846 990 (ax
868 909 942 974 libri
965 910 1004 974 de
1027 909 1161 975 Platone
1183 912 1361 994 ceterisque
1385 909 1442 973 So-

318 1024 414 1087 cratis
448 1020 659 1086 familiaribus
694 1023 812 1086 iterum
846 1022 923 1086 editi
958 1021 1029 1086 Vol.
1064 1021 1114 1086 III
1144 1042 1173 1105 p.
1206 1022 1276 1103 26):
1304 1027 1442 1104 ,utrum

319 1135 543 1220 Xenophontis
576 1155 617 1199 an
652 1135 795 1200 Platonis
826 1134 1020 1200 Convivium
1052 1140 1194 1220 tempore
1216 1138 1258 1200 sit
1282 1138 1442 1219 posterius

319 1253 404 1313 certo
437 1251 535 1314 statui
558 1269 622 1313 uon
646 1253 758 1332 potest,
781 1249 837 1312 sed
860 1248 920 1312 hoc
944 1253 1066 1312 certum
1089 1248 1225 1331 videtur,
1249 1248 1330 1312 illud
1355 1248 1442 1333 quod

318 1366 427 1445 postea
457 1363 612 1446 scriptum
644 1366 700 1442 est,
724 1380 788 1425 non
813 1362 853 1425 ad
875 1361 1085 1426 imitationem
1108 1362 1239 1426 alterius
1263 1380 1333 1426 esse
1356 1381 1444 1426 com-

318 1453 466 1558 positum.
509 1473 598 1550 Quae
636 1474 722 1558 apud
756 1473 1003 1559 Xenophontem
1038 1474 1217 1539 Pausaniae
1252 1474 1444 1540 tribuuntur

319 1590 452 1652 minime
473 1588 637 1652 referenda
661 1593 737 1652 suut
761 1589 801 1652 ad
824 1607 870 1670 ea,
890 1607 973 1672 quae
993 1588 1078 1672 apud
1097 1587 1264 1653 Platonem
1276 1588 1443 1654 Phaedrus

317 1701 561 1784 Pausaniasque
591 1701 719 1766 dicunt:
753 1702 867 1787 quidni
898 1703 984 1767 enim
1017 1703 1110 1767 aliam
1133 1702 1324 1787 Xenophon,
1346 1705 1443 1770 aliam
1530 1705 1533 1710 '

317 1814 410 1879 Plato
445 1815 624 1880 Pausaniae
657 1817 847 1880 sententiam
878 1815 1050 1899 praebeat?
1080 1815 1200 1881 Dubito
1232 1836 1307 1901 ergo
1330 1823 1443 1882 utrum

317 1929 403 2012 prior
433 1926 552 1991 librum
577 1948 673 1992 suum
698 1928 833 1993 ediderit
856 1928 948 1993 Plato
972 1949 1013 1993 an
1036 1928 1227 2014 Xenophon.
1253 1929 1445 1996 Conferatur

318 2042 504 2108 Schneideri
542 2041 582 2105 ad
617 2040 888 2125 Xenophonteum
924 2041 1115 2107 Convivium
1150 2043 1333 2127 praefatio.'’
1367 2043 1398 2108 N
1400 2063 1444 2108 on

317 2155 461 2240 intelligo
494 2175 658 2220 summum
689 2156 796 2218 virum
820 2157 866 2219 ita
887 2153 1031 2220 iudicare
1053 2157 1207 2240 potuisse,
1230 2157 1287 2221 sed
1307 2175 1348 2221 ne
1371 2159 1442 2222 eius
1543 2191 1549 2202 ·

320 2269 447 2352 quidem
484 2270 671 2332 auctoritate
705 2289 724 2331 a
757 2269 916 2333 sententia
953 2287 1024 2333 moa
1055 2268 1203 2352 depellor,
1227 2289 1322 2353 quam
1353 2289 1443 2334 nunc

319 2384 517 2467 argumentis
542 2382 710 2447 defendere
733 2381 882 2446 conabor.
905 2381 988 2446 Nam
1013 2381 1099 2466 quod
1124 2381 1261 2447 Groteus
1281 2383 1358 2447 dicit
1376 2382 1443 2448 fere

319 2515 356 2560 eo
380 2497 471 2578 redit,
494 2501 531 2560 ut
553 2495 697 2578 affirmet,
716 2496 838 2560 nullam
858 2495 1443 2580 interutrumqueConviviumintor-

319 2611 453 2674 cessisse
476 2611 640 2694 rationem,
663 2609 762 2694 idque
785 2629 844 2673 cur
862 2629 993 2694 prorsus
1012 2609 1199 2674 incredibile
1218 2610 1365 2674 videatur
1376 2611 1441 2674 iam

319 2742 417 2806 supra
440 2722 627 2807 significavi.
649 2722 718 2786 Aut
741 2741 816 2806 ergo
840 2727 912 2806 post
930 2722 1178 2807 Xenophontem
1197 2722 1325 2807 scripsit
1340 2722 1442 2804 Plato,

319 2841 350 2901 et
379 2837 597 2901 demonstrare
630 2836 761 2914 studuit,
784 2837 937 2900 maiorem
959 2835 1060 2900 fuisse
1083 2834 1253 2918 Socratem,
1276 2834 1442 2900 sublimio-

317 2968 451 3033 remque
475 2950 712 3033 philosophiam
736 2949 893 3032 docuisse,
917 2969 1014 3033 quam
1040 2953 1078 3013 ut
1098 2948 1138 3012 ab
1160 2949 1289 3013 homine
1312 2949 1441 3014 indocto

316 3065 538 3148 imperitoque,
574 3063 678 3147 qualis
713 3062 895 3147 Xenophon
930 3068 1022 3141 esset,
1056 3068 1141 3128 recte
1171 3067 1203 3127 et
1232 3082 1288 3146 pro
1317 3064 1442 3128 meritis

317 3177 443 3241 laudari
483 3182 599 3261 posset,
634 3181 690 3241 aut
732 3176 925 3261 Xenophon,
959 3176 1123 3241 Platonico
1160 3175 1314 3240 Convivio
1349 3176 1443 3261 lectu,

318 3289 465 3373 exemplo
489 3308 531 3353 ex
552 3290 684 3354 historia
705 3291 803 3373 petito
827 3289 1008 3374 significare
1027 3290 1138 3367 voluit,
1150 3311 1246 3374 quam
1266 3290 1442 3354 ridiculum

317 3402 404 3466 istud
438 3401 535 3465 fuerit
568 3401 711 3467 Platonis
742 3403 886 3467 studium
918 3403 1045 3468 divinae
1076 3404 1243 3468 cuiusdam
1269 3404 1442 3487 sapientiae

317 3512 440 3577 Socrati
462 3513 658 3597 tribuendae,
682 3520 723 3598 et,
747 3516 1017 3599 quemadmodum
1038 3516 1183 3581 Socrates
1203 3517 1321 3581 dicitur
1341 3517 1443 3599 philo-

316 3628 460 3712 sophiam
497 3629 536 3692 de
567 3628 654 3693 coelo
686 3629 725 3693 ad
755 3634 855 3694 terras
887 3649 1046 3712 evocasse,
1070 3631 1116 3695 sic
1139 3631 1245 3714 ipsum
1269 3629 1444 3712 Socratem,

317 3761 458 3825 quocum
492 3741 583 3806 Plato
617 3744 652 3805 in
685 3742 785 3806 altum
821 3745 1011 3826 evolaverat,
1043 3744 1083 3807 ad
1111 3745 1258 3808 homines
1288 3743 1441 3809 reducere

317 3858 451 3918 conatus
475 3860 531 3919 est
554 3852 626 3918 Hoc
649 3856 677 3918 si
700 3853 949 3939 Xenophontem
970 3875 1075 3941 neque
1086 3857 1208 3939 fecisse,
1220 3875 1326 3940 neque
1336 3856 1442 3922 facem

317 3967 458 4032 voluisse
493 3968 827 4044 demonstraverimus,
864 3988 967 4034 unum
1002 3970 1084 4034 illud
1112 3968 1254 4052 restabit,
1284 3969 1371 4053 quod
1401 3969 1441 4033 de

316 4080 449 4146 Platone
484 4083 664 4146 statuimus.
700 4079 837 4166 Operam
868 4083 968 4166 igitur
998 4082 1088 4166 daho,
1118 4088 1155 4147 ut
1184 4085 1320 4148 lectores
1352 4103 1440 4148 meos

316 4196 515 4277 convincam,
548 4193 797 4278 Xenophontem
831 4214 938 4278 neque
967 4195 1132 4260 Platonico
1165 4195 1319 4260 Convivia
1344 4215 1440 4260 suum

319 4309 515 4393 opposuisse,
540 4328 646 4395 neque
667 4310 797 4374 omnino
819 4311 983 4393 cognitum
1001 4309 1083 4376 illud
1096 4310 1256 4393 habuisse,
1267 4310 1442 4394 videorque
