3354 5268
837 581 879 642 44

299 785 363 828 non
389 766 546 848 patiemur
565 765 657 828 nobis
670 763 917 849 quibuscunque
930 766 1056 830 tandem
1070 765 1188 830 tabuiis
1201 766 1288 849 eripi.
1300 764 1414 849 Neque

300 878 360 940 hoc
383 897 432 942 me
457 898 647 963 magnopere
671 879 819 961 movebit,
840 881 868 944 si
888 881 960 963 quis
980 880 1117 962 obiiciet,
1139 881 1256 944 iniuria
1267 900 1318 945 me
1329 882 1416 945 Ana-

299 992 391 1055 basin
422 997 452 1056 et
483 991 700 1057 Memorabilia
731 994 763 1056 in
787 993 885 1058 libros
909 993 1012 1058 divisa
1036 998 1210 1077 spectasse:
1236 1013 1304 1057 eam
1330 995 1415 1058 enim

301 1105 490 1169 divisionem
515 1125 579 1168 non
601 1105 810 1190 Xenophonti
828 1106 883 1170 sed
895 1125 964 1170 sero
977 1107 1060 1170 natis
1072 1105 1287 1189 grammaticis
1301 1106 1415 1171 deberi.

301 1217 384 1281 Nam
419 1219 519 1282 multo
554 1218 741 1282 absurdiora
771 1221 864 1283 etiam
897 1238 938 1283 ex
968 1219 1077 1282 tabula
1106 1239 1177 1282 mea
1200 1220 1299 1282 animi
1322 1239 1416 1283 causa

302 1331 518 1395 demonstrare
541 1333 671 1416 possim,
686 1327 721 1396 ¹si
743 1331 907 1396 Anabasin
930 1334 974 1396 ita
994 1332 1200 1414 considerem,
1221 1339 1256 1396 ut
1278 1332 1316 1396 de
1328 1332 1417 1396 libris

301 1465 366 1508 non
390 1447 525 1530 cogitem
550 1447 651 1511 etsie
675 1466 743 1511 rem
769 1466 877 1530 agam:

346 1557 495 1643 Quinque
519 1565 596 1624 suut
617 1561 750 1643 paginae
773 1561 936 1642 (eo-39),
960 1560 1078 1644 quibus
1098 1557 1157 1635 μήν
1178 1561 1254 1623 satis
1267 1559 1417 1643 frequens

302 1678 357 1754 est,
392 1674 566 1756 quinquies
601 1674 684 1736 enim
720 1672 765 1736 ibi
798 1674 925 1757 legitur,
955 1693 1014 1737 nec
1045 1675 1245 1736 rarissimum
1276 1678 1324 1737 ost
1346 1679 1417 1737 octo

301 1786 426 1869 paginis
457 1786 609 1867 (53-60)
640 1786 696 1850 ubi
719 1792 776 1867 ter,
799 1792 830 1850 et
853 1806 967 1851 novem
990 1788 1114 1870 paginis
1139 1786 1335 1867 (rol-169)
1362 1786 1418 1850 ubi

303 1906 415 1983 quater
445 1901 616 1964 invenitur.
648 1899 682 1963 Si
713 1919 787 1963 vero
817 1901 918 1964 multo
942 1903 1092 1964 maiorem
1116 1906 1237 1984 partem
1260 1900 1417 1964 Anabasis

303 2018 437 2096 spectes,
460 2031 541 2096 quae
564 2013 647 2076 inter
669 2013 796 2076 initium
816 2013 978 2096 finemque
997 2013 1136 2076 medium
1157 2014 1262 2076 locum
1276 2019 1419 2098 occupat,

303 2133 367 2190 tam
401 2147 472 2189 rara
505 2132 565 2202 μήν
600 2127 756 2209 particula
787 2133 844 2208 est,
874 2133 911 2190 ut
941 2126 1032 2190 facile
1057 2126 1166 2190 credas
1190 2127 1301 2191 sedulo
1325 2133 1356 2191 et
1380 2127 1418 2190 de

303 2240 462 2303 industria
492 2239 738 2323 Xenophontem
769 2239 808 2302 ab
832 2259 869 2303 ea
891 2239 1092 2320 abstinuisse,
1116 2258 1198 2322 quae
1221 2259 1293 2323 pars
1318 2261 1416 2334 quum

305 2355 346 2418 sit
381 2354 443 2416 168
478 2355 666 2437 paginarum
703 2354 879 2434 (eo-227)
914 2355 1018 2418 sexies
1051 2352 1110 2429 μήν
1145 2353 1266 2417 habeat.
1297 2353 1417 2418 Eodem

306 2473 492 2552 argumento
522 2469 702 2551 suspiceris,
735 2469 835 2532 multo
867 2474 938 2552 post
961 2469 1180 2552 praecedentia
1203 2468 1325 2531 additas
1349 2487 1418 2532 esse

308 2584 347 2645 18
371 2584 503 2666 paginas
529 2581 665 2664 ultimas,
690 2582 746 2645 ubi
770 2581 829 2659 μήν
852 2582 1147 2665 frequentissimum
1171 2601 1240 2647 esse
1263 2583 1419 2646 veredici

304 2697 412 2780 possit.
436 2695 487 2759 En
512 2716 575 2780 quo
599 2701 630 2760 te
654 2696 749 2760 ducat
772 2697 944 2760 stetistioa!

351 2809 471 2885 Quodsi
501 2811 574 2893 quis
599 2828 648 2873 me
671 2815 768 2893 roget,
791 2830 869 2873 num
893 2829 970 2873 casu
991 2810 1111 2873 factum
1134 2828 1203 2874 esse
1227 2811 1350 2874 credam
1377 2810 1420 2892 id,

307 2923 402 3008 quod,
433 2925 460 2987 si
490 2923 615 2987 tabulas
647 2924 816 2988 statisticas
841 2923 942 2987 obiter
966 2924 1186 3007 adspiciamus,
1210 2929 1274 2987 tam
1297 2929 1417 2987 certum

307 3039 453 3101 videatur
477 3043 615 3101 mutatae
638 3037 797 3101 scribendi
820 3038 951 3101 rationis
974 3037 1138 3118 indicium,
1157 3057 1222 3100 non
1241 3039 1341 3120 magis
1361 3039 1421 3101 ho‘c

307 3151 514 3234 respondeam
546 3151 624 3213 mihi
655 3150 821 3214 fortuitum
854 3137 962 3226 videri,
986 3170 1082 3233 quam
1112 3151 1196 3233 quod
1221 3149 1421 3214 substantiva

305 3261 385 3343 ἀνήρ,
417 3261 500 3340 γυνή,
532 3263 637 3341 πατήρ,
663 3261 758 3341 μήτηρ
781 3263 942 3326 interdum
967 3282 1024 3348 per
1047 3263 1174 3346 longam
1198 3265 1311 3328 seriem
1333 3266 1421 3348 pagi-

308 3397 420 3440 narum
456 3396 617 3459 nusquam
650 3378 865 3440 inveniantur.
898 3375 978 3440 Cum
1009 3377 1073 3440 illis
1104 3379 1188 3440 enim
1213 3376 1421 3441 substantivis

307 3491 365 3554 hae
395 3492 429 3552 in
465 3508 498 3553 re
521 3489 693 3572 particulae
717 3491 816 3553 multo
839 3491 954 3554 melius
979 3497 1203 3574 comparantur
1225 3511 1320 3574 quarn
1346 3511 1419 3555 cum

306 3605 538 3688 praepositione
560 3600 622 3684 σύν,
644 3609 675 3666 et
697 3622 773 3666 vera
795 3602 986 3667 Mommseni
1006 3603 1182 3667 observatio
1203 3623 1277 3666 curn
1296 3602 1421 3666 Ditten-

308 3718 430 3800 bergeri
464 3717 700 3800 computatione
734 3717 813 3779 nihil
843 3736 1013 3780 commune
1043 3717 1145 3780 habet.
1175 3716 1257 3780 Nam
1289 3719 1316 3780 si
1348 3720 1420 3800 quis

309 3832 427 3895 Graece
450 3831 553 3894 dicere
577 3831 655 3912 vult,
679 3831 764 3914 quod
785 3830 897 3894 Latine
916 3837 964 3894 est
986 3851 1086 3912 „cum
1106 3829 1299 3915 patre'’‚non
1314 3833 1420 3896 minus

308 3951 431 4009 rectum
465 3950 512 4009 est
541 3943 592 4006 σὺν
624 3943 663 4022 τῷ
686 3943 775 4024 πατρί
797 3965 894 4028 quam
917 3943 997 4020 naria
1020 3948 1071 4007 τοῦ
1097 3942 1221 4024 carpta:
1247 3951 1420 4028 utrumque

309 4059 393 4120 enim
423 4076 555 4141 prorsus
578 4057 660 4120 idem
686 4055 859 4141 significat,v
876 4076 916 4120 ne
940 4056 1052 4120 umbra
1076 4058 1201 4140 quidem
1228 4058 1420 4122 differentiae

309 4177 364 4236 est.
404 4171 554 4254 Plerique
597 4190 670 4254 ergo
712 4173 879 4255 scriptores
915 4172 1099 4254 saepissime
1134 4171 1202 4252 hac,
1237 4173 1420 4254 saepissime

308 4285 363 4353 illa
396 4286 626 4371 praepositione
658 4289 810 4351 utuntur:
842 4285 892 4351 sin
923 4303 998 4350 vero
1027 4284 1190 4349 ducenties
1213 4287 1419 4354 trecentiesve
