3330 5262
197 805 260 870 τοῖς
290 797 337 862 ἐπ’
362 797 499 868 Αὐλῶνος
522 797 742 881 accipiamus?
765 797 817 861 An
841 799 922 864 forte
944 800 1006 864 sic:
1036 802 1196 885 „equites
1223 822 1325 886 quum

198 913 261 976 iam
293 910 490 975 Oinadonem
520 911 715 995 prehensum
746 931 825 995 csse,
848 913 1099 997 comitatumque
1122 932 1157 979 se
1180 914 1221 979 ad
1242 915 1325 981 radi-

197 1030 268 1089 tum
291 1024 486 1088 oonrertisse
508 1024 711 1105 coniicerent,
733 1023 852 1088 obviam
872 1024 1072 1089 miserunt'?
1092 1024 1326 1110 Egregieeius-

198 1135 286 1200 modi
321 1136 444 1218 aliquid
478 1136 531 1199 hic
565 1136 761 1220 conveniret,
792 1136 849 1200 sed
879 1155 921 1202 ex
954 1137 1063 1202 verbis
1086 1138 1211 1203 traditis
1236 1139 1326 1204 nullo

198 1249 292 1312 modo
316 1252 420 1332 potest
442 1247 525 1312 elici.

244 1360 346 1444 Caput
376 1359 433 1443 IV,
458 1361 486 1422 2.
510 1358 677 1441 Lysander
699 1379 774 1425 oum
799 1362 949 1446 Agesilao
973 1364 1007 1426 in
1030 1364 1143 1427 Asiam
1167 1364 1326 1448 proficisci

198 1472 346 1557 cupiebat
380 1467 457 1543 ὅπως
488 1470 544 1543 τοὶς
569 1471 728 1553 δεκαρχίας
751 1471 807 1544 τοὶς
830 1472 1070 1545 κατασταθείσας
1094 1474 1144 1537 ὑπ’
1168 1474 1272 1541 ἐκείνου
1295 1477 1325 1541 ἕν

197 1591 264 1656 ταῖς
288 1582 415 1656 πθλεσιν,
440 1583 663 1656 ἐκπεπτωκυίας
685 1583 717 1648 δὲ
740 1583 791 1648 aa
812 1585 878 1658 τοὺς
897 1582 1015 1666 ἐφόρους
1028 1633 1036 1648 .
1051 1633 1059 1648 .
1073 1633 1103 1650 ..
1123 1585 1324 1652 πιίλινκατα-

197 1697 321 1771 στήσειε.
342 1697 525 1761 Pronomen
546 1696 651 1768 ἐκεῖνος
672 1700 800 1782 saepius
821 1701 867 1764 sic
887 1700 928 1762 ad
947 1698 1129 1764 subiectum
1149 1702 1325 1765 sententiae

197 1809 383 1895 principalis
407 1809 610 1874 referendum
634 1816 690 1894 est,
714 1811 771 1875 ubi
795 1812 883 1876 aliud
909 1812 987 1895 quid
1010 1813 1040 1876 ei
1063 1817 1111 1877 est
1135 1814 1324 1896 oppositum.

199 1924 295 1988 Utilis
319 1943 356 1988 ea
379 1922 559 1987 observatio
583 1941 654 1988 esse
677 1930 782 2007 potest-
805 1925 844 1988 ad
864 1926 962 1988 alium
983 1926 1090 1989 locum
1112 1925 1324 1989 recteintelli-

198 2037 349 2120 gendum,
372 2037 431 2112 oui
456 2036 561 2119 vulgo,
585 2042 621 2100 ut
644 2037 780 2118 videtur,
803 2056 953 2121 perverse
975 2039 1137 2121 accipitur.
1160 2037 1256 2101 Libro
1268 2037 1326 2121 IV,

201 2151 230 2233 1,
254 2151 296 2213 40
328 2149 389 2212 hoc
413 2149 545 2232 legitur:
574 2169 702 2232 „quum
724 2149 811 2213 filius
835 2149 1035 2215 Pharnabazi
1058 2170 1100 2214 ex
1122 2151 1270 2234 Parapita
1292 2152 1325 2214 in

199 2264 335 2328 exilium
365 2262 481 2347 pulsus
505 2267 597 2346 esset,
619 2263 792 2346 Agesilaus
814 2260 855 2325 τοί
878 2263 906 2325 τ’
929 2259 1013 2326 ἄλλα
1036 2263 1209 2340 ἐπεμελεῖτο
1233 2264 1326 2327 αὑτοῦ

200 2375 253 2441 καί
277 2374 443 2456 ἐρασθέντος
467 2375 557 2438 αὐτοῦ
580 2378 631 2438 τοῦ
651 2372 804 2446 Εθοίλκους
823 2373 895 2446 υίέος
915 2374 1079 2448 Ἀθηναίου,
1092 2372 1181 2438 πάντ’
1194 2373 1325 2448 ἐποίησεν

199 2486 277 2561 ὅπως
307 2487 343 2552 ίιν
375 2487 411 2551 δι’
441 2487 546 2550 ἐκείνου
578 2486 714 2567 ἐγκριθείη
738 2487 771 2550 τὸ
794 2486 911 2552 στοίδιον
934 2487 963 2550 ἐν
988 2485 1159 2568 Ὀλυμπίρι,
1184 2485 1326 2563 μέγιστος

199 2601 236 2665 ὢν
259 2605 315 2665 τῶν
338 2601 484 2666 παίδων.”
506 2601 607 2665 Ililius
629 2601 683 2665 ille
706 2600 835 2664 Eualcis
860 2601 960 2665 maior
983 2606 1062 2665 natu
1084 2605 1153 2664 crat
1173 2620 1269 2683 quam
1290 2606 1328 2664 ut

200 2735 242 2779 ex
265 2716 334 2799 lege
357 2717 392 2778 in
414 2734 587 2798 puerorum
611 2719 769 2778 certamen
795 2713 986 2778 descendere
1006 2715 1037 2777 ei
1057 2714 1183 2778 liceret:
1198 2732 1325 2797 operam

201 2847 275 2912 ergo
308 2829 394 2892 dedit
424 2828 605 2912 Agesilaus,
635 2833 673 2892 ut
702 2847 763 2891 sua
789 2826 952 2909 (Agesilai)
976 2846 1073 2891 causa
1095 2826 1323 2891 admitteretur.

201 2940 392 3006 Absurdum
423 2942 551 3005 videtur
582 2940 788 3024 agonothetas
820 2959 894 3003 eum
925 2938 1124 3002 Pharnabazi
1146 2938 1206 3002 filii
1229 2958 1327 3004 causa

201 3055 383 3118 admisisse:
423 3058 529 3118 tamen
565 3055 611 3117 sic
641 3053 787 3137 plerique
818 3052 905 3114 hunc
936 3050 1044 3114 locum
1067 3052 1326 3134 interpretantur.

201 3166 246 3230 Of.
277 3166 318 3248 V,
342 3168 372 3248 2,
397 3167 457 3228 13:
481 3165 505 3228 οἱ
524 3162 688 3241 Ὀλύμπιοι
710 3169 843 3244 προείποι
867 3161 939 3238 ἡμῖν
962 3158 1004 3224 ὅτι
1028 3160 1051 3223 εί
1073 3159 1117 3236 μίν
1141 3160 1328 3241 παρεσόμεθα

201 3275 476 3358 συστρατευσόμενοι
499 3277 598 3340 ἐκεῖνοι
621 3276 672 3354 ἐφ’
695 3274 777 3352 νίμοῖς
800 3271 871 3338 ίοιεν.

246 3391 287 3455 ib.
323 3390 432 3466 Quum
466 3410 500 3454 se
534 3389 704 3473 Agesilaus
740 3388 780 3451 ad
815 3388 1047 3472 expeditionem
1080 3393 1225 3471 paratum
1258 3407 1328 3454 esse

202 3505 365 3589 professus
398 3507 483 3568 esset
516 3498 629 3565 διδόασί
658 3523 690 3563 τε
721 3499 745 3563 οί
775 3497 1000 3576 Λακεδαιμόνιοι
1030 3497 1137 3580 ὅσαπερ
1161 3499 1252 3580 ᾔτησε
1274 3498 1327 3564 καί

202 3613 349 3693 ἑξαμήνου
372 3621 463 3678 σῖτον.
487 3613 693 3678 Vocabulum
715 3609 823 3691 θσαπερ
843 3612 1048 3676 referendum
1068 3617 1116 3677 est
1135 3612 1175 3676 ad
1188 3613 1328 3676 militum

202 3749 384 3811 numerum,
408 3730 447 3793 de
473 3747 537 3811 quo
561 3729 596 3790 in
615 3725 878 3810 praecedentibus
898 3727 1011 3810 agitur.
1032 3725 1196 3789 Particula
1208 3743 1283 3809 ergo
1295 3747 1328 3787 τε

203 3848 275 3927 post
294 3837 401 3920 ίσαπερ
425 3839 572 3924 ponenda
595 3845 650 3903 est.

246 3955 356 4048 Iura.
385 3953 494 4017 Pauca
525 3951 714 4016 emblemata
744 3951 809 4014 vidi
833 3949 1022 4014 absurdiora
1046 3969 1141 4033 quam
1167 3948 1252 4033 quod
1276 3948 1329 4012 hic

202 4067 457 4151 deprehenditur.
476 4064 648 4148 Agesilaus
667 4063 901 4126 aBoectarchis
915 4061 1093 4145 prohibitus
1104 4079 1172 4124 rem
1186 4061 1328 4124 divinam

202 4179 320 4244 Aulide
331 4178 434 4242 facere
444 4173 715 4256 ε’πιμαρτυροίμενος
727 4173 794 4245 τοὺς
806 4173 883 4245 θεοὺς
907 4171 974 4237 καί
998 4170 1289 4252 ὀργιζόμενος..
1301 4219 1308 4234 .
1320 4218 1328 4235 .

202 4289 339 4356 οίπέπλει.
367 4290 447 4367 Quis
472 4290 558 4354 euim
581 4307 725 4373 unquam
749 4288 812 4352 nisi
836 4287 939 4352 iratus
963 4287 1038 4352 deos
1063 4285 1264 4351 obtestatur?
