3348 5262
706 669 771 730 259

173 857 275 937 libro;
299 855 356 920 sed
380 854 467 938 quod
489 858 576 918 carta
599 854 756 937 quaedam
781 873 894 942 eorum
921 859 999 918 sunt
1021 873 1156 938 genera:
1182 859 1304 939 quaesi

174 971 369 1050 indicavere,
405 967 511 1048 simul,
545 971 583 1030 ut
615 967 737 1050 opinor,
761 966 932 1050 apparebit·
956 986 998 1031 ex
1022 987 1086 1051 quo
1110 988 1226 1052 genere
1250 969 1306 1032 ho-

174 1085 301 1148 minnm
326 1083 367 1145 sit
392 1079 537 1163 Agesilai
560 1079 716 1142 laudator.

220 1197 259 1258 A.
282 1192 400 1274 Aperte
423 1197 452 1256 et
475 1191 670 1270 impudenter
692 1191 851 1255 mentitur.
874 1192 949 1256 Tres
974 1193 1036 1255 loci
1060 1198 1145 1275 sunt,
1169 1193 1226 1257 ubi
1246 1194 1307 1256 hoc

174 1328 249 1374 eum
272 1308 387 1372 fecisse
411 1306 519 1389 quivis
545 1306 678 1369 sentiat:

219 1423 245 1506 1,
279 1424 307 1484 6.
337 1421 511 1505 Agesilaus
542 1441 561 1482 a
593 1419 756 1483 laudatore
789 1419 907 1483 dicitur
937 1438 995 1483 rex
1025 1419 1129 1483 factus
1162 1439 1232 1484 esse
1263 1416 1305 1482 ἔτι

176 1533 236 1606 νέος
269 1533 314 1597 ὤν.
339 1533 413 1618 Ipse
436 1538 543 1597 tamen
567 1532 750 1615 Xenophon
776 1531 869 1612 (Hell.
893 1532 933 1615 V,
957 1535 987 1615 4,
1014 1533 1067 1615 13)
1092 1534 1198 1615 tradit,
1220 1534 1306 1616 Agc-

176 1649 294 1713 silaum
318 1667 344 1711 a.
371 1647 434 1710 379
459 1645 527 1726 ὑπὲρ
550 1643 592 1708 τοὶ
613 1642 832 1724 τεττοορύκοντοο
855 1645 914 1726 ἀφ’
939 1640 1017 1721 ἥβης
1040 1646 1059 1707 i.
1074 1665 1099 1710 e.
1120 1647 1306 1730 plusquam

177 1763 345 1846 sexaginta
367 1780 469 1824 annos
492 1763 605 1824 natum
630 1758 739 1842 fuisse,
762 1777 837 1842 ergo
862 1778 880 1822 a
901 1759 975 1841 399,
996 1778 1097 1841 quum
1118 1760 1305 1843 adregnum

176 1873 393 1960 perveniebat,
415 1874 489 1957 plus
514 1892 612 1956 quam
637 1872 849 1956 quadraginta
873 1881 975 1936 ann'os
998 1879 1094 1936 natus
1119 1877 1195 1937 erat.

221 1988 264 2071 X,
294 1991 332 2050 4:
375 2035 395 2059 ‚‚
405 1983 584 2066 ἀφικόμενος
612 1985 644 2049 δὲ
675 1983 725 2047 ἐπὶ
763 1986 796 2048 τὸ
828 1987 970 2062 μηκοοτοη
1002 1985 1174 2066 ἀνθρωπίνου
1206 1985 1307 2059 ούῶηος

175 2098 387 2180 οὶηοιμύρτητος
412 2097 613 2170 ἕτελεύτησε”.
639 2097 815 2182 impudens
835 2099 895 2162 hee
913 2099 1116 2163 mendacium
1130 2118 1200 2163 esse
1212 2119 1308 2183 appa·
1347 2119 1353 2126 ·

174 2212 267 2295 rebit,
290 2214 319 2276 si
342 2210 505 2295 reputabis
530 2211 673 2294 Agesilai
694 2211 893 2274 laudatorem
912 2210 1079 2275 Hellenioa
1097 2213 1305 2295 compilasse:

175 2345 271 2390 nemo
307 2326 394 2389 enim
428 2325 484 2387 illa
519 2329 584 2387 tam
615 2324 941 2408 negligenterlegerc
964 2329 1077 2408 potest,
1103 2330 1226 2388 utnon
1252 2325 1308 2389 ob-

178 2436 305 2522 servet,
319 2438 436 2501 multos
459 2456 640 2521 gravesque
663 2437 806 2521 Agesilai
829 2456 951 2502 errores
973 2458 991 2501 a
1010 2437 1225 2522 Xenophonte
1238 2441 1308 2503 sine

182 2552 249 2616 ulla
272 2553 396 2615 narrari
420 2550 683 2614 dissimulatione.
706 2550 778 2613 Vid.
803 2550 914 2614 Valclr.
940 2549 1040 2614 Diatr.
1063 2572 1092 2635 p.
1116 2552 1190 2615 266.

222 2664 248 2747 Ι,
284 2666 320 2728 3:
360 2663 615 2747 „Spartanorum
650 2682 740 2747 reges
777 2664 807 2725 ού
843 2661 978 2742 δευτέρων
1009 2662 1198 2743 πρωτεύουσιν
1230 2664 1301 2727 ἀλλ’

175 2775 326 2854 ἡγεμόνων
357 2774 614 2854 ἧμεμοηεύούτον”.
646 2776 781 2860 Scripsit
809 2777 869 2840 hoe
891 2777 1042 2841 falsarius
1066 2783 1138 2862 post
1161 2778 1307 2862 Agesilai

176 2895 330 2954 mortem:
372 2909 438 2953 non
477 2894 584 2952 tamen
618 2891 768 2973 ignorare
802 2894 926 2973 poterat
959 2892 1023 2953 iam
1056 2895 1130 2973 post
1163 2910 1307 2974 pugnam

176 3002 376 3068 Leuctricam
401 3003 440 3068 de
463 3003 693 3087 Spartanorum
717 3006 901 3089 principatu
925 3009 1032 3068 actum
1052 3003 1162 3068 fuisse.
1176 3004 1308 3067 Primus

177 3119 266 3181 hunc
288 3117 396 3181 locum
419 3117 575 3181 indicavit
598 3116 753 3182 Rankius.

222 3230 259 3293 B.
287 3229 436 3295 Oracadi
452 3251 551 3294 caasa
570 3231 835 3295 narratiunculas
852 3231 945 3314 strepit
965 3231 1166 3312 Xeraephcate'
1176 3232 1310 3314 ignotos.

178 3343 331 3428 Quinque
353 3345 488 3408 huiusce
510 3346 642 3410 rationis
667 3351 795 3410 exstant
818 3347 983 3430 exempla:

223 3458 248 3541 Ι,
276 3461 317 3522 33
342 3479 389 3543 sq.
419 3459 602 3544 Xenophon
626 3466 755 3524 narrata
780 3462 913 3524 victoria
937 3460 976 3524 ah
1001 3461 1153 3544 Agesilao
1178 3461 1217 3525 de
1239 3461 1308 3525 Tis-

178 3573 336 3656 sapherne
369 3593 468 3658 prope
498 3572 615 3638 Sardes
645 3579 813 3658 reportata,
841 3576 949 3639 statim
982 3576 1097 3639 transit
1121 3575 1161 3638 ad
1184 3575 1308 3658 suppli-

178 3687 267 3750 cium
296 3687 429 3771 capitale
462 3687 501 3751 de
529 3686 738 3770 Tissapherne
768 3686 869 3772 Regis
893 3690 987 3752 iussu
1010 3706 1068 3772 per
1089 3686 1303 3751 Tithraustem

177 3807 353 3885 sumptum,
386 3802 598 3885 induciasque
632 3822 651 3865 a
684 3802 865 3866 Tithrauste
900 3822 974 3865 cnm
1010 3801 1165 3884 Agesilao
1197 3800 1307 3864 factas.

177 3913 341 3978 Laudator
376 3933 450 3979 vero
484 3916 660 3999 interponit
695 3918 910 3979 narrationem
946 3915 985 3978 de
1019 3914 1170 3998 Agesilao
1203 3915 1307 3998 ipsam

179 4028 294 4093 urbem
315 4028 433 4093 Sardes
456 4029 669 4113 aggrediente,
692 4047 832 4113 eumque
859 4029 936 4092 dicit
959 4029 1058 4092 simul
1079 4046 1173 4112 agros
1192 4027 1308 4092 subur·

179 4141 280 4206 banos
302 4147 454 4225 vastasse,
479 4142 577 4205 simul
598 4139 767 4222 κηρύγματι
790 4141 886 4205 Iones
912 4141 1100 4206 sollicitasse
1124 4146 1161 4204 ut
1184 4141 1308 4225 aRege

178 4254 358 4320 deficerent.
393 4255 486 4320 Unde
525 4256 624 4320 istum
645 4259 696 4318 τοῦ
720 4253 910 4336 κηρύγμοοτος
933 4255 1108 4319 flosculum
1134 4258 1308 4338 sumpserit

179 4370 386 4452 perspicuum
421 4374 485 4433 est:
520 4369 640 4432 imitari
674 4371 761 4433 enim
792 4374 928 4432 conatur
960 4372 991 4433 et
1021 4370 1056 4431 in
1089 4388 1188 4432 suum
1213 4389 1311 4433 usum
