3330 5262
869 621 933 687 348

332 815 440 876 torum
463 807 778 895 interpretationibus
801 811 895 874 iuxta
917 829 990 874 cum
1014 809 1230 892 ignarissimis
1254 810 1376 892 ignoro.
1401 809 1463 876 Re·

331 924 472 1007 quiritur
493 922 575 989 fere:
599 921 750 1004 „vultum
770 941 974 1007 componens,
993 922 1222 1005 tristitiamque
1241 920 1378 986 celans”.
1399 921 1463 988 Sed

330 1053 390 1119 pro
417 1030 501 1114 νικῴη
525 1035 705 1100 necessario
729 1033 934 1100 scribendum
959 1039 1008 1098 est
1032 1035 1130 1098 νικῶνε
1156 1053 1219 1098 non
1244 1036 1331 1099 enim
1352 1034 1462 1101 Xeno

330 1149 418 1232 phon
452 1147 525 1212 talis
560 1149 695 1232 scriptor
729 1153 787 1230 est,
817 1149 874 1232 qui
906 1147 963 1212 ubi
993 1149 1232 1231 paratissimum
1264 1154 1311 1212 est
1336 1150 1461 1214 solitam

330 1263 599 1346 perspicuamque
617 1261 813 1326 locutionem
832 1279 959 1344 ponere,
979 1279 1081 1344 eaque
1098 1260 1155 1324 illa
1174 1265 1263 1344 parte
1275 1264 1462 1346 sententiae,

332 1394 430 1459 quam
459 1375 524 1438 iam
556 1375 693 1459 scripsit,
725 1379 839 1459 sponte
863 1376 1056 1459 suggeritur,
1079 1392 1114 1438 se
1136 1373 1278 1438 multum
1302 1379 1461 1458 torqueat,

331 1493 369 1553 ut
390 1489 500 1553 nescio
522 1507 618 1572 quam
643 1488 881 1570 anacolythiam
905 1506 947 1552 ex
967 1506 1005 1552 eo
1024 1506 1152 1572 genere,
1173 1506 1237 1571 quo
1258 1487 1372 1552 referta
1385 1495 1462 1552 sunt

216 1597 219 1602 ’
331 1601 485 1665 hodierna
508 1601 547 1665 de
571 1603 779 1685 grammatica
802 1601 1086 1686 philosophema,
1109 1601 1342 1666 admirantibus
1365 1603 1463 1667 lecto-

330 1713 421 1779 ribus
444 1732 621 1798 proponere
642 1715 753 1798 possit.
773 1713 816 1778 Et
834 1719 946 1779 utrum
965 1733 1007 1779 ex
1028 1714 1178 1779 ductibus
1191 1715 1366 1801 literarum,
1378 1735 1461 1800 quos

330 1825 456 1890 codices
490 1825 645 1910 praebent
677 1825 881 1892 efficiendum
912 1827 955 1891 sit
985 1823 1069 1908 νικῴη
1102 1846 1143 1891 an
1174 1829 1256 1891 νικῶν
1278 1847 1377 1914 penes
1400 1848 1461 1894 nos

330 1957 401 2004 esse
424 1940 545 2024 opinor.

376 2050 436 2134 111,
471 2052 521 2116 14.
560 2052 704 2137 Agesilai
738 2053 942 2118 mendacium
977 2053 1096 2119 laetitia
1130 2053 1315 2138 fiduciaque
1349 2057 1461 2140 implet

330 2165 458 2249 milites,
486 2162 560 2228 ὥστε
588 2163 806 2246 οὶκροβολισμοῡ
829 2163 908 2238 ὄντος
931 2167 1000 2240 πρὸς
1023 2166 1090 2239 τοὺς
1114 2165 1271 2244 πολεμίους
1296 2165 1460 2248 ἐκράτησαν

331 2277 356 2342 οἱ
392 2281 444 2341 τοῦ
480 2274 666 2356 Ἀγησιλάου
702 2278 742 2359 τῷ
778 2276 867 2360 λόγῳ,
904 2279 941 2350 ὥς
975 2277 1214 2355 Λακεδαιμονίων
1249 2279 1388 2344 νικώντων
1421 2289 1461 2361 τῇ

331 2389 499 2474 νοινμοιχίρ.
537 2392 722 2457 Admodum
757 2409 870 2456 vereor
903 2396 940 2456 ut
970 2392 1011 2473 τῷ
1041 2390 1119 2472 λόγῳ
1150 2394 1197 2457 sic
1227 2394 1368 2477 positum
1392 2395 1461 2457 vim

330 2504 447 2570 habere
470 2505 570 2589 possit
593 2503 699 2569 Lutim
725 2504 882 2587 „ablativi
906 2505 1052 2570 oausae”.
1075 2505 1129 2569 An
1150 2507 1255 2571 credis
1275 2507 1327 2571 vel
1347 2506 1461 2572 Latine

330 2619 393 2684 dici
424 2637 534 2702 posse:
568 2617 737 2702 „Agesilai
762 2617 880 2682 milites
901 2619 1050 2682 vicerunt
1072 2619 1239 2684 mendacio
1263 2620 1302 2684 de
1327 2621 1460 2685 victoria

330 2732 437 2795 navali
471 2751 490 2796 a
524 2730 688 2815 Spartanis
718 2730 922 2815 reportata''?
953 2731 1031 2796 Erat
1054 2737 1161 2796 autem
1186 2753 1287 2816 quum
1310 2739 1458 2817 putarem

330 2844 489 2908 excidisse
512 2844 643 2927 aliquod
662 2845 878 2928 participium,
897 2864 926 2907 ν.
940 2863 965 2907 c.
986 2842 1178 2915 πιστεύοντες.
1201 2843 1265 2909 Sed
1277 2865 1341 2929 quo
1355 2848 1459 2930 magis

331 2956 428 3022 verba
460 2957 501 3036 τῷ
532 2954 621 3036 λόγῳ,
655 2958 692 3028 ὥς
723 2956 963 3035 Λακεδαιμονίων
993 2957 1131 3021 νικώντων
1159 2965 1196 3038 τῇ
1219 2956 1380 3041 νοιυμκχίρι
1403 2959 1459 3024 ad-

331 3070 441 3154 spicio,
471 3088 509 3134 eo
540 3071 621 3134 mihi
650 3071 808 3134 ieiuniora
831 3075 863 3134 et
886 3071 1044 3153 ineptiora
1067 3070 1227 3154 videntur,
1250 3077 1458 3155 augeturque

331 3184 472 3267 suspicio
495 3202 532 3247 ea
554 3203 574 3247 a
595 3183 680 3247 male
703 3183 815 3248 sedulo
838 3183 956 3248 lectore
978 3182 1054 3247 olim
1077 3183 1259 3266 explicandi
1281 3203 1380 3249 causa
1404 3206 1459 3270 ap

329 3298 432 3383 posita
454 3297 563 3362 fuisse.

372 3409 432 3492 HL
456 3411 506 3474 17.
538 3411 576 3483 ὥς
604 3409 635 3474 δὲ
660 3413 741 3490 τριῶν
764 3407 806 3474 ἔτι
829 3408 955 3491 πλέθρων
977 3411 1007 3474 ἕν
1029 3408 1111 3490 μέσῳ
1133 3408 1220 3474 ὄντων
1242 3407 1459 3492 οἱντεξέδροιμον

327 3523 387 3588 cirri
416 3529 470 3597 τῆς
502 3521 687 3600 Ἀννσιλοὶου
716 3521 883 3603 Φοὶλοογγος
906 3517 943 3586 ὧν
971 3521 1151 3603 Ἡριππίδας
1174 3519 1305 3600 ἐξενάγει
1328 3522 1381 3588 aa>
1405 3523 1458 3588 σὺν

327 3637 430 3707 αὐτοῖς
453 3632 550 3707 Ἴωνες
572 3633 625 3700 acal
649 3635 765 3706 Αἰολεῖς
787 3633 840 3698 κοιὶ
863 3633 1086 3708 Ἑλλησπόντιοι
1109 3633 1161 3698 acl
1182 3633 1294 3707 πάντες
1314 3630 1388 3700 οὗτοι
1399 3641 1458 3699 τῶν

327 3745 579 3828 συνεκδραμόντων
599 3771 633 3810 τε
652 3746 781 3825 ἐγένοντο
801 3745 853 3813 aa}
872 3748 912 3819 εἰς
932 3747 995 3829 δόρυ
1015 3747 1189 3829 ἀφικόμενοι
1204 3745 1330 3830 ἔτρεψαν
1344 3749 1377 3813 τὸ
1389 3750 1456 3813 καθ’

327 3861 441 3933 αὐτούς.
470 3861 660 3926 Rectissime
683 3860 948 3926 Breitenbaehius
970 3860 1068 3926 verba
1091 3858 1143 3924 nul
1167 3858 1278 3933 ποὶυτες
1301 3855 1376 3925 οὗτοι
1398 3865 1456 3924 τῶν

326 3974 579 4056 συνεκδραμόντων
597 3999 631 4038 τε
649 3973 779 4053 ἐγένοντο
798 3974 850 4039 κου’
869 3976 968 4040 eiecit
991 3975 1118 4060 Opponi
1136 3976 1267 4060 quidem
1279 3975 1327 4038 illi
1338 3977 1456 4040 rationi

326 4090 436 4173 possit,
458 4107 495 4154 ea
519 4091 554 4152 in
576 4089 727 4172 Agesilao
753 4108 882 4172 quoque
905 4089 978 4173 legi,
1001 4089 1057 4153 sed
1081 4108 1194 4172 parum
1217 4088 1347 4152 firmum
1371 4087 1456 4153 illud

326 4208 551 4285 argumentum
586 4208 643 4268 est.
676 4201 715 4266 In
745 4202 896 4286 Agesilao
927 4203 1013 4266 enim
1045 4203 1091 4265 sic
1114 4203 1218 4286 posita
1243 4207 1337 4266 sunt:
1362 4202 1399 4272 eir
1422 4200 1455 4265 δὲ

325 4317 406 4394 τριῶν
435 4311 478 4378 ἔτι
508 4312 634 4394 πλέθρων
664 4309 796 4395 ἐνμέσῳ
818 4311 904 4378 ὄντων
927 4309 1143 4393 οὶντεξέδροομον
1165 4313 1225 4378 cirri
1247 4319 1303 4386 τῆς
1325 4313 1454 4391 Ἀγησι-
