3330 5262
740 621 803 685 357

204 806 316 869 ceteris
354 809 462 869 autem
498 806 651 870 omnibus
685 807 863 890 elegantius
894 810 1077 874 enuntiatae
1111 813 1217 876 minae
1240 816 1329 892 sunt,

204 916 325 1001 quibus
360 918 401 982 ad
434 923 619 984 extremum
657 923 808 984 utuntur:
842 920 892 983 οὐκ
922 918 958 983 ἀν
988 914 1035 985 οὖν
1066 921 1214 1000 δυναίμεθ’
1239 922 1327 1000 ήμεῑς

206 1027 312 1093 τούτοιν
340 1025 411 1094 οὕτω
435 1029 612 1109 γιγνομὲνων
635 1029 780 1110 ἀντέχειν,
803 1030 876 1095 ἀλλ’
900 1029 917 1105 ή
941 1028 1083 1105 ε’ἀσαντες
1106 1034 1154 1097 τὸν
1178 1035 1207 1098 ἐν
1232 1043 1325 1099 Πελο-

202 1142 332 1224 ποννήσῳ
355 1141 483 1221 πόλεμον
502 1141 661 1234 διαβάντες
680 1140 790 1216 πάντες
810 1145 1017 1223 πολεμήσομεν
1038 1146 1201 1226 Ἀκαρνάσί
1221 1147 1326 1212 τεκαὶ

203 1262 266 1328 τοῖς
290 1252 467 1336 ξυμμάχοις
490 1258 595 1331 αὐτῶν,
620 1256 637 1331 ή
661 1256 768 1338 είρήνην
788 1258 968 1335 ποιησίμεία
986 1258 1085 1324 ὁποίαν
1103 1256 1140 1324 ἀν
1158 1281 1224 1324 τινα
1236 1261 1325 1326 δυνοί-

202 1371 288 1449 μεθα.
323 1370 505 1437 Verborum
533 1368 550 1444 ή
574 1370 681 1452 είρήνην
702 1368 882 1449 ποιησόμεθα
905 1369 1004 1436 ὁποίαν
1027 1369 1063 1435 ἀν
1086 1395 1151 1436 τινα
1174 1372 1326 1451 δννάμεία

200 1484 339 1550 brevitas
375 1485 464 1550 dccet
498 1486 646 1550 homines
680 1486 720 1550 ad
756 1485 1010 1569 desperationem
1046 1505 1156 1550 rerum
1188 1506 1323 1552 suarum

200 1599 353 1682 redactae,
376 1600 555 1683 acriterque
578 1604 610 1663 et
632 1598 744 1664 acerbe
767 1619 844 1663 suas
871 1600 1017 1664 miserias
1041 1599 1225 1665 obiicientes
1248 1601 1323 1684 illia,

202 1730 242 1775 ex
267 1731 407 1795 qnorum
431 1713 624 1796 gravissima
647 1712 743 1796 culpa
762 1731 817 1778 eae
836 1716 928 1776 natae
948 1716 1032 1776 sunt.
1057 1712 1119 1777 Sed
1139 1715 1246 1777 omnis
1263 1715 1324 1797 vie,

204 1824 365 1908 acerbitas,
388 1827 546 1910 elegantia
564 1826 687 1892 tollitur
707 1805 814 1892 addito
833 1828 1036 1913 ineptissimo
1047 1827 1323 1914 frigidissimoque

201 1938 427 2021 additamento,
459 1940 547 2024 quod
578 1960 666 2004 nunc
697 1945 853 2024 tanquam
883 1940 1156 2025 Xenophonteum
1182 1943 1322 2005 circnm-

199 2052 308 2117 fertur.
341 2052 528 2137 Sequuntur
558 2056 646 2118 enim
678 2055 772 2119 haec:
796 2056 895 2119 ταῦτα
919 2052 950 2117 δὲ
972 2050 1073 2131 ἔλεγον
1096 2054 1323 2128 ὑπαπειλοῦντες

199 2171 262 2237 τοῖς
285 2165 525 2242 Λακεδαιμονίοις
547 2166 818 2245 ἀπαλλαγήσεσθαι
837 2172 891 2240 τής
911 2162 1107 2245 ξυμμαχίας,
1128 2167 1152 2231 εί
1163 2167 1207 2245 μή
1220 2169 1323 2240 αὐτοῖς

198 2278 479 2361 ἀντεπικουρήσουσι,
513 2301 597 2364 quae
620 2280 717 2346 verba
739 2283 803 2345 iam
828 2282 991 2345 neminem
1016 2283 1147 2364 posthac
1170 2282 1321 2346 toleratu-

198 2411 273 2455 rum
308 2412 387 2476 esse‚
419 2395 448 2458 si
481 2413 587 2458 aorem
618 2396 875 2476 concitatumque
906 2394 1109 2458 Achaeorum
1142 2396 1317 2459 orationem
1410 2431 1412 2435 ·

199 2506 354 2590 relegerit,
373 2526 516 2590 cumque
535 2507 664 2571 illorum
685 2507 853 2571 ieiunitate
872 2508 1072 2591 compararit,
1091 2508 1169 2572 satis
1186 2506 1319 2572 conlido.

242 2621 299 2704 VI,
323 2622 352 2684 4.
382 2621 553 2706 Agesilaus
576 2641 650 2706 ergo
675 2641 752 2685 curn
776 2622 920 2686 exercitu
944 2622 978 2684 in
1001 2621 1219 2686 Acarnaniam
1244 2623 1320 2685 mit-

198 2735 293 2814 titur3
319 2755 383 2819 quo
406 2735 489 2800 facto
513 2733 623 2805 πάντες
647 2733 702 2811 μὲν
725 2733 749 2797 oi
771 2734 803 2798 ἐκ
825 2736 882 2797 τῶν
901 2733 996 2814 ἀγρῶν
1016 2730 1317 2815 Ἀκαρνάνεςέφυχον

197 2847 237 2920 είς
267 2849 307 2912 τά
337 2845 425 2921 ἀστη,
458 2845 559 2912 πάντα
592 2844 623 2912 δὲ
653 2847 694 2911 τά
716 2846 900 2925 βοσκήματα
923 2846 1099 2928 ἀπεχώρησε
1121 2845 1218 2927 πίρρα,
1243 2844 1319 2919 ὅπως

197 2958 241 3037 μή
271 2959 429 3034 ἀλίσκηται
460 2961 515 3025 ὑπὸ
545 2965 596 3024 τοῦ
626 2959 858 3041 στρατεύματος.
890 2959 1035 3026 Delectat
1059 2979 1111 3024 me
1132 2961 1194 3024 ista
1215 2958 1316 3024 boum

197 3075 375 3159 prudentia,
405 3075 540 3138 consilia
571 3076 777 3160 capientium,
808 3093 849 3138 ne
871 3075 905 3137 in
928 3073 1072 3137 hostium
1098 3092 1214 3137 manus
1236 3074 1317 3136 inci-

198 3188 280 3252 dant.
304 3187 449 3252 Verbum
480 3190 567 3253 enim
591 3187 757 3268 ἀποχωρεῖν
781 3187 1038 3270 aXenophonte
1060 3205 1125 3250 non
1149 3185 1317 3251 adhibetur

196 3303 259 3366 nisi
294 3302 334 3366 de
368 3303 417 3385 iis,
453 3305 510 3387 qui
543 3304 578 3366 in
612 3303 682 3367 loca
713 3306 782 3366 tuta
812 3321 847 3366 se
876 3301 1044 3384 recipiunt.
1068 3299 1131 3364 Sed
1151 3299 1316 3384 probabile

196 3415 324 3480 videtur
356 3435 412 3499 pro
445 3413 622 3494 ἀπεχώρησε
651 3415 887 3481 restituendum
921 3432 991 3478 esse
1022 3413 1154 3497 aliquod
1177 3413 1311 3477 verbum

196 3530 403 3593 transitivum
427 3530 461 3592 in
484 3547 620 3592 numero
644 3527 768 3612 plurali.

239 3641 295 3720 VI,
321 3643 348 3706 7.
379 3643 561 3727 Aggressus
584 3643 768 3707 Acarnanes
790 3642 962 3725 Agesilaus
987 3661 1137 3725 magnam
1163 3639 1313 3724 praedam

196 3757 260 3841 agit
294 3761 462 3840 casusque
495 3755 563 3836 πρὸς
594 3755 634 3836 τῷ
665 3751 717 3835 ίρει
748 3756 844 3838 ponit.
875 3754 928 3817 Ex
948 3754 1025 3838 fuga
1047 3759 1156 3818 tamen
1179 3753 1316 3817 redeunt

195 3871 379 3936 Acarnanes
404 3868 475 3935 καὶ.
491 3918 497 3933 .
512 3916 541 3933 ..
562 3867 727 3946 βάλλοντες
745 3865 797 3931 καί
817 3867 1028 3948 σφενδονῶντες
1047 3866 1107 3929 ἀπὸ
1123 3871 1176 3938 τής
1187 3865 1313 3945 ἀκρωνυ-

196 3984 269 4065 χίας
291 3989 342 4049 τοῦ
367 3982 442 4063 ὅρους
464 3980 600 4062 ἔπασχον
623 3981 678 4060 μὲν
702 3980 792 4054 οὐδέν,
815 3980 1025 4059 κατεβίβασαν
1046 3979 1077 4044 δὲ
1096 3979 1136 4052 είς
1155 3979 1188 4043 τί
1200 3976 1312 4055 ὁμαλὲς

195 4100 227 4162 τὸ
251 4097 451 4180 στρατόπεδον.
477 4097 508 4161 Ν
511 4119 566 4160 um
591 4094 800 4173 κατεβίβασαν
824 4095 863 4166 είς
882 4094 915 4157 τὸ
935 4089 1047 4171 ὁμαλὲς
1067 4093 1100 4156 τὸ
1120 4089 1314 4173 στρατόπεδον

196 4213 374 4299 significare
398 4213 506 4297 possit,
529 4212 563 4275 id
587 4211 672 4295 quod
691 4211 742 4273 hic
762 4210 940 4274 necessario
960 4209 1150 4290 requiritur:
1174 4225 1312 4290 „coege-

195 4333 272 4392 runt
295 4327 483 4412 Agesilaum
508 4327 543 4389 in
563 4326 698 4412 planum
723 4321 945 4406 descendere”,
967 4323 1174 4387 vehomenter
1192 4320 1313 4403 dubito,
