3352 5260
794 596 857 660 189

303 886 406 972 Caput
440 887 465 970 I,
496 890 524 951 3.
555 887 731 972 Postquam
763 889 846 954 dixit
877 888 1066 956 Critobulus
1088 891 1233 969 οἰκονόμου
1256 885 1381 956 rivaret

259 999 339 1064 οἰκεῖν
372 999 421 1064 τὸν
451 1000 556 1064 ἑαυτοῦ
586 994 668 1073 οἰκον,
699 1001 844 1067 Socrates
874 1009 979 1087 rogat:
1015 1024 1120 1086 „num
1145 1025 1220 1091 ergo
1244 1005 1380 1070 alienam

259 1133 327 1178 rem
344 1114 541 1196 familiarem,
561 1116 589 1178 si
608 1116 637 1177 ei
656 1117 915 1198 committeretur,
935 1137 1000 1180 non
1013 1124 1120 1201 posset
1131 1118 1380 1184 administrare?

258 1225 272 1289 ἰ
302 1225 357 1303 μὲν
388 1226 446 1306 γὰρ
475 1225 638 1298 τεκτονικὴν
669 1226 864 1305 ἕτνστνίμενος
894 1227 997 1306 ὁμοίως
1020 1227 1056 1291 ἰιν
1080 1229 1133 1294 aaut
1156 1229 1241 1311 ἄλλον
1264 1230 1381 1296 δύνονντο

258 1338 430 1420 ἕρνοίζεσίονο
452 1337 468 1403 ἰ
488 1362 516 1403 τν
540 1362 591 1420 περ
615 1337 666 1404 xci
690 1340 793 1421 ἑαυτῷ,
818 1339 870 1405 κονί
893 1342 906 1405 o‘
930 1342 1073 1420 οἰκάνομός
1096 1345 1128 1420 ν’
1153 1343 1189 1409 aiv
1213 1343 1379 1418 (ἰςοούτως”.

258 1454 441 1538 Respondet
474 1452 675 1536 Critobulus:
708 1450 837 1532 ,,ἔμονγε
870 1454 956 1528 δοκεῖ,
991 1450 1012 1519 ὦ
1046 1455 1230 1537 Σώκρατες”.
1268 1458 1383 1543 Neque

257 1567 344 1649 quod
374 1572 514 1650 rogatur,
544 1586 650 1651 nequo
680 1568 767 1650 quod
797 1570 1008 1652 respondetur
1030 1571 1109 1634 mihi
1131 1571 1252 1655 placet3
1275 1573 1382 1656 inepte

256 1681 342 1744 enim
370 1679 514 1745 Socrates
542 1680 689 1764 exemplo
711 1701 729 1744 a
752 1700 786 1745 se
810 1682 904 1747 allato
928 1684 997 1767 ipse
1020 1685 1260 1750 conclusionem
1285 1686 1382 1767 addit,

254 1799 285 1858 et
307 1814 371 1878 quo
396 1794 491 1858 modo
517 1794 614 1859 verba
637 1790 688 1856 κκί
712 1793 726 1857 ἰ
748 1793 892 1872 aeota
916 1795 947 1872 ν’
972 1793 1009 1860 ἰον
1032 1794 1165 1868 deamat
1191 1799 1382 1882 cogitatione

257 1908 321 1971 sint
344 1908 521 1992 supplenda
543 1908 630 1972 haud
652 1908 745 1973 facile
770 1908 874 1989 dieas3
898 1915 984 1974 certe
1007 1930 1072 1974 non
1092 1916 1229 1994 possunt
1248 1913 1380 1976 eotrahi

258 2042 340 2106 quae
368 2025 515 2106 proxime
546 2023 741 2107 praecedunt
772 2020 821 2086 κοοί
852 2021 935 2103 ottae
966 2021 1081 2087 δύναιντο
1104 2021 1386 2104 ἐργοίζετίοονίἰ

257 2158 293 2199 το
324 2157 390 2216 τερ
421 2135 523 2216 ἔονντῷ.
556 2136 628 2200 Non
660 2138 745 2202 enim
770 2135 914 2214 οἰκονόμου
938 2143 986 2202 est
1008 2135 1184 2217 ἕργνίζεσίοιί
1204 2161 1241 2201 τν.
1267 2138 1382 2222 Neque

258 2250 298 2313 ad
327 2255 433 2314 utram
463 2256 585 2334 partem
616 2264 737 2333 eorum,
765 2270 847 2335 quae
870 2271 889 2314 a
913 2250 1041 2316 Socrate
1064 2252 1148 2315 dicta
1171 2257 1256 2334 sunt,
1282 2251 1383 2316 Crito·

258 2363 327 2427 buli
357 2365 512 2447 pertineat
541 2383 731 2448 responsum
764 2366 841 2428 satis
871 2370 1006 2448 apparet.
1031 2363 1134 2429 Multo
1159 2363 1273 2428 melius
1297 2384 1381 2449 ergo,

260 2481 296 2540 ut
330 2478 451 2560 opinor,
486 2476 649 2541 Critobulo
681 2478 861 2542 tribuemus
893 2478 990 2542 verba
1020 2474 1071 2540 κοοί
1096 2476 1109 2540 ἰ
1132 2474 1276 2555 οἰκίνομός
1298 2479 1330 2553 γ’
1347 2475 1384 2540 aa

258 2587 403 2662 ὠςοοιίτννς,
438 2596 473 2655 ut
496 2591 573 2655 haec
597 2591 804 2675 respondeat:
829 2587 931 2668 ἔμοιγε
954 2590 1041 2672 δοκεῖ,
1064 2584 1085 2653 οἰ
1108 2589 1271 2672 Σνίκροντες,
1293 2587 1345 2653 κονί
1370 2588 1383 2652 ἰ

258 2699 401 2780 οἰκόνομίς
423 2702 455 2780 ν’
476 2700 512 2765 aa
531 2701 674 2774 ὠςννύτοκ.
699 2702 793 2768 Hanc
811 2705 896 2767 enim
916 2705 1062 2787 responsi
1073 2702 1261 2767 brevitatem
1273 2705 1382 2766 minus

258 2815 499 2899 improbandam
525 2834 649 2897 censeo,
674 2837 771 2900 quam
794 2817 881 2879 illam
903 2817 1165 2899 interrogationis
1183 2817 1384 2879 inconcinni-

259 2934 366 3012 tatem,
392 2932 544 3014 quoniam
567 2930 660 2994 facile
683 2935 842 3014 appareat,
866 2931 946 3014 quid
969 2931 1093 2994 omittat
1117 2928 1308 2993 Critobulus.
1332 2929 1385 2992 Ex

260 3045 365 3127 priore
388 3046 475 3108 enim
498 3049 587 3128 parte
611 3043 791 3126 verborum,
810 3063 892 3128 quae
911 3064 930 3107 a
949 3043 1077 3107 Socrate
1096 3043 1180 3106 dicta
1200 3047 1285 3124 sunt,
1305 3043 1383 3107 baec

259 3159 443 3241 praesertim
466 3162 539 3221 ante
562 3157 671 3221 oeulos
695 3157 805 3222 habet:
831 3157 879 3220 τὸν
898 3154 989 3220 οἰλλον
1008 3149 1080 3220 οἰκον
1100 3154 1215 3219 δύνονντο
1235 3148 1266 3218 εὖ
1288 3155 1385 3219 οἰκεῖν.

304 3271 329 3353 I,
353 3271 403 3334 14.
427 3270 571 3335 Pecunia
594 3290 660 3334 non
683 3277 786 3355 potest
810 3272 873 3334 dici
896 3270 1046 3349 χρήματα
1070 3289 1141 3335 esse
1164 3271 1226 3335 nisi
1249 3271 1306 3352 illi,
1328 3271 1386 3355 qui

260 3387 309 3449 uti
342 3404 379 3448 ea
411 3390 524 3469 potest.
564 3383 654 3466 „Sed
685 3384 784 3469 quid''
815 3386 859 3448 ita
891 3383 1036 3449 Socrates
1066 3389 1158 3468 rogat
1183 3385 1249 3465 ,de
1272 3385 1383 3448 amicis

261 3499 431 3563 dicendum
462 3498 534 3563 est?
563 3496 648 3572 Quid
670 3500 765 3562 amici
788 3503 866 3563 sunt
890 3499 928 3580 ei,
952 3499 1009 3581 qui
1032 3499 1143 3562 amicis
1166 3499 1216 3562 uti
1238 3496 1387 3581 potest?”

260 3611 442 3695 Respondet
465 3610 665 3676 Critobulus:
688 3658 709 3683 ‚,
715 3609 865 3690 χρήματα
891 3609 922 3682 νὴ
948 3609 1017 3682 nia,
1041 3607 1093 3673 κονί
1117 3607 1193 3673 troad
1213 3632 1250 3686 γε
1270 3610 1389 3687 μᾶλλον

260 3721 276 3797 οἰ
309 3724 375 3796 τοὺς
405 3722 486 3801 βοῦς,
510 3720 544 3796 ἢν
568 3721 784 3804 οἰφελνκνίτεροί
803 3746 841 3800 γε
863 3716 930 3785 ὦσιν
954 3719 978 3794 rt
997 3722 1021 3786 οἰ
1044 3719 1142 3798 βδες.”
1166 3720 1328 3786 Haeccine
1352 3722 1387 3784 in

259 3837 341 3901 libro
362 3836 597 3921 Xenophonteo
620 3837 683 3921 legi
706 3842 737 3902 et
761 3836 906 3900 tolerari!
931 3834 1017 3911 Quid
1040 3836 1126 3900 enim
1145 3834 1317 3898 absurdius
1340 3837 1389 3898 est

262 3971 358 4035 quam
393 3951 481 4015 istud
513 3947 547 4023 ἢν
582 3951 717 4029 eie...
741 3946 834 4026 βόεςί
868 3948 956 4013 Ferri
990 3949 1097 4032 aliquo
1133 3948 1228 4011 modo
1260 3951 1386 4030 posset:

260 4063 412 4144 ἐπειδήπερ
430 4085 432 4092 ’
447 4061 667 4144 οἰφελεμοίτεροί
687 4061 755 4125 εἰσιν
779 4058 795 4135 ἢ
819 4061 844 4124 οἰ
866 4059 934 4138 βόες
954 4060 1004 4124 vel
1022 4057 1131 4140 ὅσῳπερ
1144 4105 1152 4124 .
1166 4107 1173 4122 .
1188 4107 1195 4122 .
1208 4106 1215 4122 .
1229 4058 1307 4131 εἰσιν,
1333 4060 1390 4123 sed

261 4183 292 4242 et
321 4178 398 4242 haec
429 4179 506 4242 satis
535 4178 696 4241 inutiliter
723 4182 755 4241 et
776 4175 930 4260 languide
953 4178 1060 4238 essent
1083 4174 1199 4238 addita.
1223 4172 1390 4236 Particula

258 4315 295 4369 νε
317 4297 388 4378 post
410 4290 630 4373 deauratorum
652 4291 736 4374 facit,
756 4294 793 4354 ut
814 4289 968 4373 suspicer,
987 4292 1084 4352 totam
1106 4287 1297 4352 sententiam
1309 4286 1386 4350 olim
