3330 5262
747 607 813 669 339

210 792 265 852 tur
298 789 338 853 ad
372 795 576 873 praeceptum
607 790 772 872 quoddam
804 791 995 854 tradendum
1027 792 1286 876 philosophicum
1310 799 1342 859 et

212 901 364 966 militare:
398 899 475 979 ἀτὰρ
509 898 684 972 ἀντιπάλοις
714 925 752 978 γε
784 902 817 964 τὸ
849 901 917 980 μετ’
949 903 1035 983 ὀργῆς
1060 903 1145 968 ιὶλλιὶ
1169 903 1213 982 μὴ
1236 905 1341 986 wopa

212 1011 421 1094 προσφέρεσθαι
445 1010 509 1076 ὅλον
532 1011 712 1093 ἁμάρτημα.

646 1503 821 1569 ninus
853 1505 910 1570 ru.
1019 1584 1021 1592 ¹

259 1688 362 1772 Caput
384 1690 410 1772 I,
434 1692 463 1753 2.
486 1690 752 1756 Emendationem
775 1692 816 1756 ad
836 1693 922 1757 huno
941 1693 1045 1757 locum
1068 1713 1242 1778 proponam
1264 1698 1345 1760 satis

213 1802 352 1885 lepidam
388 1807 427 1884 et,
461 1806 498 1866 ut
532 1803 611 1866 mihi
645 1805 775 1888 quidem
807 1807 993 1890 persuadeo,
1017 1807 1190 1872 admodum
1214 1815 1344 1874 eertam.

99 1917 104 1926 '
213 1912 393 1978 Narrantur
416 1915 510 1980 haee:
536 1938 637 2000 quum
659 1918 832 2002 Agesilaus
852 1922 1001 1984 autumni
1023 1926 1164 2004 tempore
1183 1923 1218 1984 in
1239 1921 1342 2002 Phry-

214 2028 309 2110 giam,
345 2030 399 2093 oui
427 2029 657 2095 Pharnabazus
687 2038 839 2120 praeerat,
867 2035 1018 2115 venisset,
1051 2053 1144 2117 agros
1178 2034 1340 2114 vastabat,

214 2139 343 2205 urbium
369 2141 448 2206 alias
468 2144 501 2205 vi
521 2143 711 2227 capitalius
731 2145 766 2206 in
786 2144 978 2210 deditionem
999 2147 1128 2229 aeeepit
1140 2146 1221 2210 Tum
1235 2149 1342 2230 sequi-

211 2259 280 2318 tur:
313 2251 449 2332 As'yovroq
482 2255 514 2318 δὲ
538 2260 589 2319 τοῦ
613 2255 806 2336 Σπιθριδάτου
828 2258 866 2329 ὡς
888 2259 912 2320 εἰ
935 2255 1009 2321 ἔλθοι
1033 2258 1102 2338 πρὸς
1125 2258 1179 2330 τὴν
1204 2265 1341 2340 Ποιφλοι-
1398 2297 1400 2302 -

213 2365 311 2446 perlae
341 2369 394 2433 σὺν
424 2370 513 2450 αὐτῷ,
548 2369 597 2434 τοι
619 2373 676 2433 τῶν
705 2373 917 2450 Παφλαγόνων
941 2369 1075 2448 βασιλέα
1097 2369 1150 2434 aa)
1175 2372 1214 2444 εἷς
1237 2373 1342 2451 λόγους

212 2476 277 2555 ἄξοι
311 2481 362 2545 nal
399 2477 567 2561 ξύμμαχον
599 2481 720 2555 ποιήσοι.
751 2483 919 2547 Miraberis
949 2483 1093 2567 fortasse,
1116 2484 1238 2569 Lector,
1263 2488 1343 2551 mihi

211 2596 389 2681 quidquam
413 2598 448 2660 in
471 2596 579 2662 verbis
601 2598 705 2660 citatis
726 2597 912 2680 displicere:
935 2597 998 2661 duo
1011 2603 1119 2663 tamen
1131 2601 1209 2664 vitia
1220 2602 1341 2684 insunt,
1397 2626 1399 2631 ·

211 2727 294 2792 quae
328 2719 434 2793 neq'ue
470 2708 600 2773 defendi
634 2727 740 2799 neque
771 2709 922 2773 excusari
953 2716 1098 2792 possunt,
1122 2716 1152 2775 et
1175 2711 1341 2776 lenissima

212 2824 408 2888 correctione
442 2822 610 2886 tolluntur.
646 2820 792 2886 Primum
827 2819 1006 2887 absurdum
1037 2829 1085 2887 est
1115 2824 1340 2908 Spithridatem

213 2936 326 3019 dicere,
350 2954 385 3000 se
409 2937 437 3000 si
459 2935 633 3019 Agesilaus
655 2932 723 2998 σὺν
746 2934 848 3015 αὐτῷ
872 2937 908 3000 in
931 2935 1183 3020 Paphlagoniam
1206 2939 1342 3020 venerit,

212 3048 282 3113 eius
312 3051 451 3132 regionis
483 3041 592 3132 regem
615 3049 644 3112 ei
669 3049 792 3112 socium
814 3048 985 3112 facturum.
1012 3047 1222 3131 Spithridates
1246 3051 1343 3133 enim,

210 3158 315 3242 Φογιὶς
338 3159 418 3240 ἀνήρ,
444 3161 635 3245 Agesilaum
658 3167 897 3244 usquequaque
921 3161 1088 3244 sequitur:
1112 3162 1250 3244 legimus
1271 3162 1342 3244 (IH,

212 3275 243 3356 4,
268 3273 319 3355 10)
343 3293 417 3338 eum
441 3293 460 3337 a
483 3271 649 3354 Lysandro
674 3271 713 3336 ab
737 3271 948 3355 Hellesponto
972 3272 1137 3356 Ephesum
1158 3275 1203 3337 'ad
1225 3274 1341 3358 Agesi-
1421 3313 1423 3320 ·

213 3387 302 3452 laum
334 3388 467 3452 ductum
498 3406 585 3467 esse;
614 3405 704 3450 nuno
728 3405 802 3450 oum
825 3387 978 3470 Agesilao
1002 3388 1037 3451 in
1060 3387 1201 3472 Phrygia
1225 3393 1282 3472 est,
1307 3391 1342 3453 in

214 3501 283 3566 eius
315 3506 363 3566 est
393 3501 536 3584 consiliu,
567 3519 673 3583 neque
705 3499 745 3563 ab
775 3518 812 3564 eo
836 3519 976 3583 usquam
1001 3501 1143 3566 discedit.
1168 3501 1242 3567 Sive
1267 3523 1341 3588 ergo

213 3615 246 3677 in
271 3613 454 3697 Phrygiam,
478 3614 546 3677 sive
569 3612 631 3676 alio
657 3611 861 3696 profecturus
880 3617 928 3677 est
948 3612 1129 3697 Agesilaus,
1149 3635 1225 3680 eum
1244 3619 1343 3681 eomi-

213 3726 342 3810 tabitur,
374 3727 582 3791 consiliorum
613 3727 781 3810 particeps,
805 3726 1067 3810 proeliorumque
1090 3729 1206 3793 socius.
1229 3729 1342 3814 Inepte

214 3843 313 3928 igitur
347 3860 546 3926 prorsusque
579 3840 739 3904 inutiliter
769 3838 867 3904 verbo
899 3835 973 3902 ἔλθοι
1002 3839 1236 3906 vocabulario
1259 3841 1341 3922 αὐτῷ

214 3951 385 4020 adduntur.
425 3952 550 4018 Deinde
590 3952 802 4036 Spithridates
838 3971 904 4014 non
940 3951 1038 4015 dixit:
1071 3953 1341 4038 ,Paphlagoniae

213 4086 320 4152 regem
360 4068 499 4130 amioum
532 4065 694 4145 reddam'',
732 4065 803 4130 sed:
844 4111 859 4146 „
871 4063 1108 4148 Paphlagoniae
1133 4077 1251 4152 'regem
1286 4067 1343 4134 tihi

212 4182 349 4246 amioum
375 4178 536 4244 reddam''.
560 4178 645 4264 Ergo
669 4181 704 4242 in
728 4179 871 4242 oratione
894 4177 1051 4242 indirecta
1075 4179 1247 4244 dicendum
1272 4184 1338 4243 est:

214 4291 314 4372 ἔλεγεν
338 4290 380 4359 ὅτι
404 4292 488 4372 αὐτῷ
509 4291 558 4356 τὸν
582 4295 639 4356 τῶν
659 4286 870 4374 Ποιφλοογὸοον
890 4287 1022 4368 βασιλέα
1041 4287 1344 4370 &temporaque
