3348 5262
744 638 807 702 297

255 825 281 908 I,
306 826 356 889 18.
391 821 534 900 ἀνήγοντο
568 821 600 886 δὲ
629 820 678 886 καὶ
709 823 733 886 οἱ
762 823 912 897 Ἀθηναῖοι
943 823 976 886 ἐκ
1007 828 1061 896 τής
1092 821 1160 886 Χίον
1192 821 1338 900 πελάγοον.

213 937 302 1015 Quae
336 943 409 1022 post
438 938 516 1002 haec
547 943 746 1021 sequuntur:
778 937 794 1009 ή
827 937 884 1016 γάρ
907 935 999 1000 Ἀσία
1025 934 1156 1014 πολεμία
1179 936 1282 1007 αὐτοῖς
1307 929 1341 1010 ήν

212 1051 347 1116 sciolum
383 1051 535 1115 redolent.
569 1050 644 1114 Non
679 1056 746 1114 tam
781 1069 898 1134 parum
935 1054 1072 1114 attentos
1108 1049 1171 1114 sibi
1205 1049 1341 1115 finxisse
1426 1129 1429 1134 ¹

211 1165 345 1229 lectores
387 1163 517 1227 videtur
558 1162 750 1248 Xenophon,
793 1161 912 1246 quibus
954 1162 1116 1226 eiusmodi
1151 1181 1203 1226 res
1238 1163 1342 1226 semel

210 1278 396 1360 iterumque
429 1276 590 1340 inculcare
616 1255 706 1359 ‘opus
741 1281 839 1340 esset:
872 1294 914 1339 err
944 1276 1015 1358 ipsa
1047 1276 1133 1338 enim
1157 1277 1341 1340 narratione

213 1391 289 1454 satis
332 1393 469 1473 apparet,
512 1394 549 1454 ut
591 1390 711 1472 opinor,
752 1388 902 1452 hostilem
947 1387 1200 1452 Atheniensibus
1241 1387 1341 1452 fuisse

211 1503 310 1567 Asiae
333 1520 433 1566 oram.

255 1613 282 1698 1,
294 1615 345 1678 25.
366 1613 485 1678 Classis
503 1613 754 1678 Atheniensium
775 1613 815 1676 ad
834 1614 942 1698 Aegos
959 1613 1084 1678 flumen
1098 1618 1169 1697 stat,
1181 1613 1342 1696 Lysandri

214 1748 313 1793 naves
337 1727 506 1811 Lampsaci
524 1732 653 1811 portum
676 1746 693 1792 e
715 1729 845 1811 regione
866 1729 964 1792 situm
981 1733 1229 1812 occupaverunt.
1243 1729 1342 1794 Athe-

214 1844 352 1925 nienses,
384 1846 547 1925 sperantes
576 1861 610 1906 se
633 1827 837 1922 Lysandrum
863 1842 903 1906 ad
926 1841 1085 1925 proelium
1110 1846 1339 1926 provocaturos

216 1974 286 2020 esse
308 1960 437 2039 portum
463 1974 578 2020 versus
597 1957 766 2039 navigant3
789 1954 846 2018 ubi
865 1973 941 2018 vero
960 1953 1166 2036 Lysandrum
1181 1955 1341 2039 proelium

219 2070 447 2133 detrectantem
468 2068 579 2132 vident
599 2068 639 2131 ad
660 2070 830 2132 stationem
852 2088 946 2132 suam
960 2073 1176 2134 revertuntur.
1189 2068 1344 2152 Sequitur

216 2201 268 2247 res
298 2183 484 2246 notissima:
517 2177 686 2260 Λύσανδρος
713 2179 745 2244 δὲ
768 2179 825 2252 τοὶς
848 2179 1001 2259 ταχίστοις
1023 2183 1081 2243 τῶν
1104 2182 1169 2243 νεῶν
1193 2179 1344 2245 ἐκέλευσεν

214 2293 334 2359 ἕπεοάαο
356 2299 415 2365 τοῖς
438 2291 611 2368 Ἀθηναίοις,
632 2291 749 2357 ἕπεοδάν
770 2292 801 2356 δὲ
820 2292 929 2371 ἐκβῶσι
948 2291 1121 2365 κατιδόντας
1141 2291 1164 2366 δ’,
1178 2317 1206 2356 τι
1218 2297 1343 2357 ποιοῦσιν

213 2406 361 2471 ἀποπλεῖν
384 2404 435 2470 καὶ
459 2405 538 2485 αὐτῷ
561 2401 749 2483 ἐξαγγεῖλαι,
769 2403 821 2469 καὶ
841 2406 873 2469 οὐ
893 2403 1023 2485 πρότερον
1041 2401 1222 2483 ἐξεβίβασεν
1242 2407 1344 2470 ἐκτῶν

216 2524 282 2584 νεῶν
305 2517 372 2600 πρὶν
396 2513 485 2583 αὗται
510 2513 586 2593 ήκον·
607 2523 707 2583 ταῦτα
728 2518 759 2583 δὲ
778 2518 864 2584 arola
883 2518 1027 2600 τέτταρας
1040 2519 1159 2601 ἡμέρας.
1174 2521 1342 2587 Hactenus

216 2639 248 2698 et
282 2635 421 2698 narratio
456 2639 488 2698 et
517 2632 677 2715 Lysandri
708 2635 879 2698 consilium
913 2635 986 2699 luce
1010 2635 1143 2698 clariora
1167 2642 1251 2700 sunt.
1275 2637 1343 2701 Ad·

217 2748 338 2811 duntur
361 2752 469 2812 autem
494 2746 652 2811 vocabula
671 2748 829 2831 quaedam
848 2747 1058 2832 perobscura:
1080 2745 1132 2811 καὶ
1151 2748 1175 2812 οἱ
1194 2749 1341 2822 Ἀθηναῖοι

217 2859 405 2937 ἐπανήγοντο.
438 2859 600 2943 Equidem
624 2861 737 2925 saltem
764 2860 842 2944 quid
863 2861 919 2924 illa
942 2860 1003 2925 sibi
1026 2861 1126 2925 velint
1151 2881 1217 2925 non
1241 2862 1343 2926 video.

216 2974 270 3037 An
292 2973 373 3038 forte
395 2975 436 3037 iis
459 2973 666 3057 significatur,
691 2974 770 3057 qnid
793 2974 941 3057 perillus
963 2979 1102 3058 quatuor
1121 2975 1189 3040 dies
1211 2976 1346 3039 fecerint

216 3087 456 3152 Athenienses?
479 3087 524 3150 At
547 3106 612 3150 non
635 3089 743 3150 solum
767 3087 808 3150 ad
831 3086 939 3170 Aegos
960 3086 1086 3151 flumen
1106 3088 1345 3152 revertebuntur

218 3201 309 3283 (nihil
339 3188 427 3264 enim
458 3198 546 3263 aliud
569 3203 617 3263 est
640 3195 841 3276 {revelaretur
865 3219 964 3284 quam
991 3201 1079 3283 quod
1103 3221 1202 3285 supra
1225 3201 1344 3286 legitur

219 3313 368 3376 ἀποπλεῖν
391 3310 482 3376 πάλνν
507 3311 546 3384 εἷς
569 3310 634 3383 τοὺς
653 3311 745 3389 Αἰγὸς
765 3311 928 3394 ποταμούς)
950 3314 1006 3378 sed
1025 3316 1114 3397 prius
1137 3334 1255 3378 manus
1268 3335 1344 3378 curn

108 3429 114 3434 “
217 3426 364 3490 hostibus
388 3444 555 3490 conserere
577 3425 785 3489 conabantur.
807 3425 932 3509 Neque,
954 3429 981 3491 si
1000 3428 1064 3492 illis
1083 3427 1192 3510 verbis
1213 3447 1344 3493 narrare

219 3539 374 3603 voluisset
400 3538 591 3622 Xenophon,
613 3539 691 3622 quid
712 3538 751 3602 ab
772 3540 1026 3604 Atheniensibus
1046 3561 1103 3625 per
1123 3545 1262 3624 quatuor
1273 3543 1346 3606 illos

220 3654 288 3718 dies
312 3658 442 3737 gestum
468 3658 560 3734 esset,
584 3654 683 3717 nimis
706 3653 781 3717 laxo
805 3656 1043 3720 coniunctionis
1063 3655 1348 3720 salvinculosen-

219 3768 353 3831 tentiam
382 3770 523 3829 nomtam
549 3766 815 3849 praecedentibus
839 3770 1034 3850 annexisset,
1058 3767 1114 3831 sed
1137 3768 1295 3832 vocabula
1316 3769 1346 3831 ἑν

220 3872 267 3950 οἷς
301 3880 528 3963 praemisisset,
559 3883 591 3942 et
621 3881 668 3942 sio
698 3878 765 3943 fere
788 3881 969 3964 scripsisset
992 3880 1030 3962 (ἐν
1055 3872 1103 3950 αἷς
1126 3879 1275 3953 Ἀθηναῖοι
1298 3878 1345 3942 ἀεὶ

220 3989 276 4068 μὲν
298 3993 336 4063 ὡς
358 3989 544 4070 μαχούμενον
567 3997 629 4063 τοῖς
651 3991 800 4069 πολεμίοις
823 3990 974 4055 ἐπέπλεον·
999 3993 1036 4063 ὥς
1057 3989 1087 4055 δὲ
1108 3992 1160 4055 οὐκ
1180 3991 1341 4076 ἐκινοῦντο)

220 4102 410 4181 ἐπανήγοντο.
441 4104 473 4168 Ν
476 4124 539 4169 uno
562 4110 618 4169 aut
641 4105 800 4169 excidisse
825 4105 982 4188 quaedam
1009 4106 1132 4188 opinor,
1157 4110 1214 4169 aut
1235 4106 1344 4189 ipsum

220 4218 301 4281 illud
332 4215 384 4281 καὶ
415 4217 439 4281 οἱ
467 4217 616 4291 Ἀθηναῖοι
647 4219 826 4294 ἐπανήγοντο
852 4218 935 4282 male
960 4218 1072 4282 sedulo
1097 4219 1207 4282 lectori
1229 4217 1346 4302 deberi,

223 4331 281 4413 qui
304 4331 455 4413 quamvis
480 4331 657 4395 annotandi
679 4331 785 4394 studio
810 4330 927 4395 ductus
950 4334 1061 4396 tamen
1085 4350 1152 4395 non
1176 4335 1240 4395 tam
1262 4336 1347 4396 esset
