3348 5262
855 575 919 640 290

321 761 355 825 id
378 761 417 826 de
440 760 511 845 ipsa
533 759 631 824 Samo
650 761 759 826 insula
777 761 1084 844 circumnavigauda
1096 762 1260 846 acciperet,
1272 762 1311 828 de
1322 762 1445 844 Mycale

321 876 543 958 promontorio
578 875 734 958 cogitaret
767 893 874 940 nemo.
904 874 1002 942 Recte
1032 877 1140 940 locum
1172 877 1374 960 interpretari
1396 878 1445 941 his

322 986 429 1052 verbis
459 986 587 1051 videtur
618 987 900 1054 Breitenbachius:
936 990 992 1070 ,si
1023 1007 1064 1054 ne
1093 1008 1191 1073 prope
1213 990 1292 1054 litus
1316 990 1446 1073 quidem

322 1101 467 1165 amicum
500 1120 613 1166 secura
644 1105 712 1166 erat
741 1100 972 1186 Spartanorum
1005 1102 1126 1184 classis,
1151 1102 1255 1166 multo
1281 1105 1391 1168 miuus
1414 1123 1449 1168 se

322 1217 431 1297 aperto
467 1215 548 1278 mari
581 1215 780 1280 committere
803 1213 956 1298 potarat.''
978 1213 1063 1278 Nam
1088 1214 1284 1282 Plutarchus
1309 1221 1366 1281 aut
1387 1215 1449 1298 Ly-

323 1325 432 1392 sandri
467 1326 590 1392 dictum
626 1345 691 1392 non
722 1326 889 1410 intellexit,
920 1332 978 1392 aut
1007 1347 1122 1410 parum
1147 1333 1297 1392 accurate
1320 1317 1449 1394 tradidit

323 1443 355 1502 et
389 1441 566 1521 exornavit,
600 1441 644 1503 ita
677 1439 856 1522 loquendo:
892 1438 996 1515 λαβὼν
1028 1439 1057 1502 έν
1092 1439 1227 1522 ἀριστερᾷ
1261 1439 1367 1519 Σάριον
1396 1439 1448 1506 καὶ

323 1550 594 1632 περιπλεύσας
637 1551 677 1623 είς
719 1551 854 1626 Μίλητον
888 1552 952 1618 ἐκεῖ
982 1575 1031 1629 ριοι
1066 1550 1196 1633 πάραθος
1228 1553 1286 1626 τάς
1320 1553 1447 1636 τριήρεις·

322 1662 442 1728 δεδιέναι
474 1663 531 1745 γάρ
555 1665 586 1728 οὐ
609 1663 667 1744 χρὴ
692 1663 1002 1745 παραπλέοντας
1026 1664 1109 1741 ἧαάς
1130 1664 1197 1738 τοὺς
1221 1667 1250 1730 ἐν
1273 1665 1371 1749 >rotae
1394 1690 1449 1735 πο-

322 1777 450 1855 λεμίους,
474 1777 498 1841 εί
520 1778 829 1858 θαλασσοκρατοῦμεν.

366 1890 423 1974 VI,
446 1897 476 1954 4.
500 1890 701 1956 Sententiam
725 1890 886 1958 turbatam
911 1896 1172 1976 corruptamque,
1195 1913 1278 1976 quae
1297 1894 1350 1960 hio
1368 1895 1450 1980 legi-

322 2009 385 2086 tur,
408 2005 454 2068 sio
484 2006 626 2070 restituit
649 2003 807 2070 Cebetas:
833 2003 1002 2086 (Lysandri
1025 2007 1123 2070 amici
1145 2025 1203 2090 per
1225 2007 1324 2072 Asiae
1350 2007 1449 2076 urbes

321 2135 471 2182 rumores
506 2117 707 2201 spargebant)
740 2114 782 2182 ὅτι
813 2115 1039 2196 Λακεδαιμόνιοι
1070 2115 1202 2196 μέγιστα
1233 2119 1450 2200 παραπίπτοιεν

321 2229 351 2293 ἐν
379 2229 421 2310 τῷ
450 2229 507 2312 (ἀεί
526 2231 597 2310 ins.)
622 2228 811 2296 θιαλλάττειν
834 2228 901 2302 τοὺς
924 2227 1099 2311 νανάρχονς,
1124 2227 1269 2303 πολλάκις
1293 2232 1359 2296 ἀντ’
1383 2234 1448 2298 έπι-

321 2342 439 2416 τνθείων
475 2342 638 2422 γενομένων
674 2341 725 2408 καί
761 2341 824 2424 ἀρτι
858 2341 1053 2423 ἀκριβούντων
1089 2343 1166 2428 (pro
1201 2341 1371 2432 ξυνιέντων)
1408 2343 1451 2409 τά

321 2457 446 2521 ναντικά
480 2454 532 2521 καὶ
566 2455 721 2536 ἀνθρώποις
755 2457 792 2529 ὥς
826 2454 969 2536 χρηστέον
1003 2455 1221 2534 γιγνωσκόντων
1251 2457 1383 2539 ἀπείρους
1415 2482 1451 2524 τε

322 2568 474 2644 θαλοίττνς
497 2569 669 2648 πέμποντες
692 2568 743 2636 καὶ
767 2570 908 2648 ἀγνῶτας
926 2577 989 2643 τοῖς
1008 2572 1077 2644 ἐκεῖ,
1096 2569 1280 2638 κινδυνεύοιέν
1299 2594 1327 2636 τι
1340 2573 1450 2638 παθεῖν

320 2681 369 2748 διά
398 2688 484 2748 τοῦτο
508 2684 569 2748 κτέ.
593 2685 743 2770 Egregie,
768 2690 804 2750 ut
827 2687 948 2769 opinor,
973 2685 1153 2750 dummodo
1176 2691 1250 2752 ante
1273 2684 1449 2752 κινδινεθοιεν

319 2800 503 2864 inseramus
526 2797 584 2862 καί.

364 2911 421 2995 Ἦ,
444 2913 473 2975 7.
505 2909 746 2991 Καλλικρατίδας
768 2910 799 2976 δέ
821 2908 979 2991 ἀχθεσθεὶς
1001 2919 1038 2992 τῇ
1062 2909 1199 2992 ἀναβολῇ
1224 2909 1277 2976 καί
1301 2917 1370 2984 ταῖς
1394 2909 1447 2977 ἐπὶ

319 3022 375 3096 τάς
406 3022 491 3104 θιίρας
522 3022 691 3104 Φοιτιίσεσιν
715 3021 853 3104 ὀργισθείς
876 3021 929 3088 καὶ
951 3023 1038 3088 είπθιν
1062 3021 1261 3096 ἀθλιωτοίπονς
1284 3016 1354 3087 εἶναι
1378 3022 1448 3097 τοὺς

320 3133 476 3210 Ἕλληνας
510 3136 571 3200 ατὲ.
606 3137 721 3221 Inepte
754 3137 807 3202 hic
837 3138 921 3202 inter
951 3157 986 3202 se
1008 3141 1216 3221 opponuntur
1237 3135 1390 3216 ἀχθεσθείς
1416 3143 1448 3204 et

319 3247 464 3330 ὀργισθείς,
500 3269 642 3333 quorum
678 3249 851 3314 verborum
887 3269 1021 3333 prorsus
1056 3249 1168 3314 eadem
1200 3253 1250 3318 est
1280 3251 1448 3318 sententia.

319 3362 558 3446 Expellondum
583 3362 719 3442 θργισθείς
744 3363 881 3428 videtur.

364 3475 421 3558 VI,
446 3477 496 3540 10.
519 3477 573 3540 Ad
595 3476 738 3542 Milesios
762 3481 794 3542 et
809 3455 878 3540 ‘alia
901 3480 931 3542 et
950 3476 1028 3540 haec
1047 3476 1195 3560 loquitur
1206 3475 1447 3544 Callicratidas:

317 3589 375 3668 ἐγὼ
398 3588 425 3653 θ’
450 3587 500 3656 ἐπὶ
522 3587 578 3662 τάς
601 3588 705 3654 ἐκείνου
730 3587 818 3669 θθρας
838 3591 945 3666 Φοιτάν
965 3585 1445 3666 οὐκάθονάραννέμαντθνπεῖσαι.

317 3703 408 3768 Itane
433 3703 534 3769 vero?
556 3702 630 3766 Nou
654 3706 776 3786 poterat
796 3721 815 3765 a
834 3720 869 3766 se
886 3703 1060 3784 impetrare
1080 3699 1300 3766 Callicratidas
1312 3701 1447 3772 utfores

318 3814 398 3898 Cyri
419 3814 662 3900 frequentaret?
684 3818 729 3878 At
750 3813 846 3879 modo
865 3815 935 3898 ipse
955 3813 1054 3878 dixit:
1068 3815 1157 3892 Κῦρος
1176 3811 1239 3876 ἀεὶ
1258 3810 1448 3891 ἀνεβάλλετθ

317 3950 366 4007 μοι
386 3929 587 4009 διαλεχθῆναι,
609 3934 640 3992 et
659 3928 757 4012 paulo
778 3947 877 4011 supra
888 3926 1072 4009 Xenophon
1084 3926 1226 3991 narravit
1239 3945 1314 3991 eum
1328 3926 1446 4006 ἀχθεσ-

317 4042 397 4116 θῆναι
421 4047 490 4114 ταῖς
512 4039 559 4106 ε’πί
581 4039 638 4112 τάς
657 4037 741 4120 θθρας
762 4039 924 4120 φοιτήσεσι,
946 4058 1028 4122 quae
1049 4037 1146 4103 verba
1159 4037 1448 4106 noninfirmontur

316 4156 366 4235 lie,
390 4173 472 4238 quae
494 4153 688 4218 Plutarchus
710 4151 793 4235 (Lys.
815 4154 846 4233 b')
867 4151 952 4234 dicit,
964 4170 1038 4216 eum
1059 4149 1105 4214 bis
1117 4150 1156 4214 ad
1168 4147 1294 4232 Cyrum
1307 4154 1448 4220 venisse.

316 4265 367 4332 Ne
389 4287 464 4352 ergo
488 4273 519 4332 et
542 4266 725 4351 Xenophon
751 4271 782 4332 et
805 4253 1024 4330 Callicratidas
1046 4266 1155 4349 inepte
1178 4264 1241 4330 sibi
1264 4265 1447 4350 obloquan-
