3352 5260
892 630 955 693 186

403 813 471 877 Iam
492 831 591 897 quare
610 814 649 878 de
669 812 874 878 Oeconomici
892 813 1069 878 virttrlibus
1088 819 1155 880 tam
1168 815 1270 879 multa
1281 815 1481 899 disputarim,

359 927 469 991 lectori
503 945 596 1011 spero
631 945 696 990 non
730 925 905 991 obscurum
937 945 1023 992 esse:
1056 926 1202 991 uolebam
1232 927 1330 1010 locos,
1360 928 1480 1011 quibus

359 1043 525 1123 tamquam
557 1059 667 1103 earum
697 1039 825 1103 indiciis
848 1059 928 1104 usus
950 1059 1031 1120 sum,
1055 1040 1134 1104 mihi
1157 1039 1252 1102 obiici
1275 1039 1314 1102 ab
1337 1041 1387 1121 iis,
1410 1041 1481 1123 qui-

360 1151 422 1217 bus
453 1150 686 1218 Oeconomicus
715 1153 878 1218 videretur
908 1153 1016 1236 aliquo
1048 1153 1142 1216 modo
1173 1151 1213 1216 ad
1238 1151 1340 1216 libros
1362 1153 1401 1216 de
1424 1152 1481 1217 So-

359 1271 445 1330 crate
477 1265 587 1330 referri
616 1285 720 1350 posse,
748 1285 856 1350 neque
884 1267 983 1350 igitur
1013 1265 1188 1330 absurdum
1219 1283 1289 1329 esse
1316 1267 1482 1348 suspicari,

359 1397 432 1442 eum
469 1379 544 1442 olim
580 1398 654 1442 cnm
689 1377 951 1443 Memorabilibus
981 1379 1190 1442 coniunctum
1220 1377 1330 1460 fuisse,
1362 1379 1482 1462 quippe

361 1510 444 1574 quae
478 1496 511 1555 ct
543 1493 612 1575 ipsa
645 1491 686 1554 ad
717 1490 879 1555 Socratem
909 1491 1106 1554 laudandum
1137 1491 1273 1574 eiusque
1294 1492 1481 1554 memoriam

360 1603 560 1668 recolendam
593 1605 711 1688 scripta
733 1607 847 1668 essent.
871 1603 960 1667 Haec
982 1610 1030 1668 est
1052 1623 1157 1686 causa,
1182 1623 1240 1668 cur
1263 1604 1482 1668 demonstrare

360 1721 495 1779 conatus
517 1717 587 1796 sim,
609 1734 651 1779 ex
673 1714 737 1779 illis
761 1715 839 1779 locis
861 1715 894 1778 id
919 1715 1050 1798 quidem
1073 1734 1232 1799 apparere,
1256 1717 1382 1799 egregio
1403 1717 1481 1779 arti-

359 1827 432 1891 ficio
465 1825 715 1891 Oeconomicum
748 1829 960 1910 compositum
994 1846 1073 1909 asse,
1106 1827 1162 1892 sed
1197 1827 1279 1891 illud
1309 1827 1481 1892 artificium

361 1945 584 2005 ornamentum
607 1945 839 2024 externamque
858 1943 995 2024 speciem
1014 1941 1089 2004 libri
1108 1940 1212 2023 efficit,
1231 1941 1271 2004 ad
1290 1941 1480 2024 primarium

360 2053 435 2117 libri
464 2058 690 2138 argumentum
721 2055 857 2136 eiusque
882 2053 1053 2117 consilium
1077 2055 1210 2118 minime
1231 2055 1377 2137 pertinet.
1402 2052 1483 2128 Quis

360 2168 446 2230 enim
468 2165 615 2230 dubitare
635 2170 748 2249 potest,
771 2167 852 2249 quin
870 2167 903 2228 in
924 2163 1135 2229 Oeconomico
1154 2165 1320 2230 scribendo
1339 2166 1400 2230 hoc
1421 2165 1485 2231 sibi

359 2280 560 2361 proposuerit
588 2277 780 2362 Xenophon,
802 2283 839 2342 ut
862 2297 896 2342 se
919 2296 1076 2361 suamque
1098 2280 1286 2362 sapientiam
1309 2279 1484 2344 lectoribus

367 2391 627 2455 commendaret?
668 2389 837 2455 Rusticum
879 2390 1028 2472 laborem,
1062 2409 1159 2473 quem
1192 2391 1261 2474 ipse
1293 2392 1328 2455 in
1361 2392 1485 2456 deliciis

360 2502 463 2586 habet,
492 2502 642 2567 laudibus
675 2502 816 2582 extollit3
849 2522 946 2585 quam
977 2503 1121 2586 egregiae
1152 2503 1310 2585 utilesque
1338 2522 1393 2568 eae
1417 2506 1484 2568 sint

361 2619 453 2698 arteS,
489 2635 626 2699 quarum
660 2617 728 2699 ipse
763 2620 811 2679 est
844 2615 975 2699 peritus,
1008 2619 1155 2680 accurate
1188 2615 1392 2698 demonstrat,
1426 2617 1483 2681 sed

361 2732 434 2791 ante
466 2730 573 2791 omnia
603 2732 703 2792 semet
732 2730 838 2812 ipsum
866 2727 983 2792 laudat
1005 2726 1115 2791 Totius
1139 2729 1224 2791 enim
1247 2728 1320 2791 libri
1343 2730 1392 2793 vis
1416 2749 1482 2793 una

361 2843 518 2905 sententia
551 2843 741 2922 continetur,
774 2859 884 2924 eaque,
918 2859 958 2904 ne
993 2840 1065 2923 quis
1095 2839 1240 2904 dubitare
1269 2842 1379 2924 possit,
1402 2842 1481 2925 quid

360 2957 434 3016 ante
464 2954 571 3016 omnia
603 2955 738 3036 scriptor
768 2953 925 3036 spectarit,
954 2953 989 3014 in
1019 2951 1194 3016 clarissima
1217 2952 1297 3034 luce,
1319 2953 1352 3015 id
1375 2955 1480 3017 estin

360 3064 433 3146 fine,
466 3065 647 3128 collocatur.
680 3062 783 3138 Quam
810 3083 875 3154 quo
898 3064 1014 3128 melius
1037 3063 1209 3128 lectoribus
1234 3065 1382 3147 indicem,
1403 3084 1480 3128 con·

360 3178 482 3241 iectura
510 3181 592 3258 utar,
617 3195 699 3260 quae
721 3178 756 3240 in
778 3175 860 3240 libro
882 3175 1115 3256 Teichmiilleri,
1136 3178 1200 3240 iam
1224 3179 1352 3260 saepius
1376 3179 1481 3260 citato,

360 3290 524 3372 reperitur.
546 3287 640 3364 Quod
659 3289 744 3352 enim
765 3291 799 3352 in
819 3287 973 3352 Convivio
987 3288 1132 3353 Platonis
1143 3289 1263 3373 legitur
1273 3291 1313 3373 (p.
1326 3291 1390 3354 209
1403 3292 1478 3374 sq.):

360 3404 461 3464 ταῦτα
484 3398 539 3477 μὲν
561 3393 608 3464 οὖν
630 3401 671 3462 ‘rol
693 3398 812 3480 ἐρωτικαὶ
833 3397 900 3472 ἴσως
920 3395 941 3464 ὦ
960 3401 1122 3479 Σώκρατες,
1142 3397 1197 3464 κᾶν
1217 3401 1254 3464 σὺ
1273 3401 1419 3478 candelas·
1439 3405 1481 3466 τὰ

360 3511 392 3575 δὲ
420 3510 509 3576 τέλεσι
530 3511 580 3576 καὶ
603 3511 758 3585 ἕποπτικαὶ,
783 3507 819 3574 ὧν
841 3510 925 3576 ἕνεκα
946 3510 998 3576 aa>
1022 3517 1122 3578 ταῦτα
1145 3510 1233 3587 ἔστιν,
1257 3513 1308 3578 ἐάν
1331 3539 1376 3588 τις
1398 3517 1480 3596 ὀρθῶς

361 3623 458 3704 accip,
481 3625 532 3688 οὐκ
554 3618 608 3688 οἷδ’
633 3624 656 3687 εἶ
675 3618 729 3696 οἷός
748 3623 775 3687 τ’
800 3623 837 3688 ἂν
855 3621 924 3700 εἴης,
944 3626 1074 3690 illorum
1093 3626 1262 3691 verborum
1282 3628 1480 3713 alteraparte

361 3741 460 3801 semet
478 3738 585 3820 ipsum
606 3735 773 3801 Platonem
793 3737 971 3821 significare
989 3738 1241 3804 Teichmiillerus
1261 3746 1386 3818 censet,
1406 3739 1479 3804 Pla-

360 3853 467 3912 tonem
498 3850 584 3912 enim
615 3868 685 3914 esse
715 3850 859 3913 divinum
890 3850 982 3914 illum
1005 3853 1122 3933 virum,
1145 3851 1193 3914 τὸν
1215 3851 1256 3916 τὰ
1278 3850 1404 3930 μεγάλα
1425 3859 1479 3925 τῆς

360 3957 542 4039 φιλοσοφίας
575 3959 722 4040 μυστήρια
757 3959 946 4039 μεμυημένον
960 3962 991 4043 1).
1028 3962 1239 4047 Sagaoissima
1269 3965 1411 4049 profecto
1442 3986 1480 4030 ea

392 4226 420 4294 l)
437 4227 484 4278 eff.
501 4227 528 4278 C.
546 4227 574 4278 ll.
592 4228 734 4280 Hermann.
751 4227 842 4280 Gcsch.
862 4244 889 4280 u.
906 4227 1008 4294 System
1025 4231 1070 4281 der
1086 4230 1186 4282 Platon.
1204 4231 1271 4282 Phil.
1288 4248 1313 4296 p
1330 4232 1388 4284 523.

393 4317 450 4368 Alb.
467 4316 620 4384 Schwegler.
637 4319 702 4370 uber
717 4318 758 4368 die
773 4318 940 4382 composition
957 4319 1001 4370 des
1018 4319 1118 4371 Platon.
1135 4319 1223 4387 Symp.
1240 4337 1264 4386 p.
1281 4321 1323 4373 17.
