3352 5260
870 612 932 673 154

340 802 408 866 sive
430 819 467 864 ea
489 798 647 881 colloquia
669 816 780 862 revera
801 817 820 860 a
842 795 970 861 Socrate
990 795 1096 860 habite
1115 813 1186 860 esse
1205 799 1374 876 constaret,
1393 795 1461 859 sive

339 911 379 978 ab
410 913 479 996 ipso
510 910 724 994 Xenophonte
754 915 860 976 essent
889 909 971 974 fieta.
1002 909 1116 993 Neque
1145 908 1266 990 dubito,
1294 909 1374 991 quin
1396 908 1459 973 iam

338 1025 454 1106 statim,
475 1029 645 1109 postquam
665 1024 798 1108 imperio
816 1022 949 1086 innotus
968 1031 1000 1086 et
1018 1022 1139 1105 aliquid
1160 1022 1217 1086 otii
1237 1027 1351 1086 nactus
1367 1025 1460 1103 esset,

338 1143 458 1224 partem
479 1138 607 1203 illorum
627 1136 825 1221 evulgaverit
837 1135 878 1217 ll:
900 1134 1075 1200 absurdum
1096 1135 1181 1198 enim
1202 1134 1337 1216 videtur,
1350 1133 1460 1198 Xeno·

338 1251 488 1337 phontem
520 1255 576 1314 ant
605 1250 644 1314 de
675 1248 804 1314 Socrate
832 1247 992 1312 scribendi
1014 1248 1185 1312 consilinm
1209 1247 1382 1329 distulisse,
1405 1253 1462 1313 aut

339 1383 422 1448 qnae
445 1366 561 1448 scripta
584 1368 690 1428 essent
713 1363 798 1427 domi
821 1382 899 1428 suae
921 1380 1076 1445 servasse,
1100 1362 1201 1428 donec
1223 1367 1295 1446 post
1316 1364 1461 1446 magistri

338 1483 471 1542 mortem
496 1477 605 1541 decem
628 1476 680 1540 vel
703 1477 817 1561 vigniti
839 1477 915 1540 anni
939 1475 1157 1556 effluxissent,
1182 1494 1288 1561 neque
1312 1476 1373 1540 hoo
1396 1497 1462 1541 ma-

338 1593 388 1677 gis
422 1592 550 1656 credere
583 1611 724 1676 possum,
760 1611 857 1675 quam
891 1595 956 1655 tam
990 1590 1045 1655 diu
1081 1609 1156 1656 eum
1187 1608 1222 1654 se
1253 1590 1460 1672 continuisse,

340 1706 514 1789 quominus
544 1705 662 1770 milites
694 1703 815 1786 Graeci,
847 1723 911 1788 quo
939 1704 1032 1769 modo
1055 1723 1074 1767 a
1097 1722 1132 1768 se
1154 1703 1235 1768 salvi
1258 1702 1298 1768 ad
1320 1702 1460 1768 Pontum

338 1818 506 1883 Euxinum
538 1819 626 1882 ducti
655 1821 770 1899 essent,
792 1822 974 1901 exponeret,
997 1817 1098 1881 donec
1119 1816 1264 1901 plerique
1286 1817 1460 1902 expeditio-

338 1933 390 1997 nis
420 1933 496 1997 sooii
529 1950 547 1995 e
574 1932 641 1995 vita
663 1931 884 1996 excessissent.
908 1928 1032 1996 Deinde
1054 1949 1111 2013 per
1132 1934 1231 1995 totam
1254 1931 1353 1994 vitam
1376 1931 1460 1996 eius·

339 2045 426 2110 modi
453 2045 619 2127 ,Socratis
642 2043 880 2109 Memorabilia'’
900 2044 1001 2109 literis
1022 2044 1172 2108 mandare
1190 2045 1340 2128 perrexit,
1359 2063 1461 2129 eaque

339 2177 413 2223 oum
445 2159 614 2243 colloquiis
644 2163 736 2223 antea
766 2157 922 2242 evulgatis
952 2159 1131 2240 coniunxit,
1164 2159 1232 2222 sive
1263 2177 1348 2224 nove
1377 2163 1461 2224 esset

339 2274 480 2358 paranda
512 2274 607 2337 editio
640 2273 723 2354 (nam
749 2272 864 2355 quidni
885 2272 944 2336 hac
966 2272 1127 2336 locutione
1152 2277 1288 2355 utamur,
1313 2274 1461 2356 quamvis

339 2406 376 2452 ea
398 2407 510 2471 parum
536 2386 682 2450 videatur
705 2386 838 2469 antiqua
846 2385 883 2467 P),
907 2387 975 2450 sive
998 2385 1060 2449 alia
1081 2404 1115 2450 ee
1140 2384 1307 2451 obtulisset
1326 2386 1459 2451 occasio.

338 2499 459 2564 Eadem
488 2499 554 2564 fere
584 2500 707 2562 ratione
737 2502 768 2562 et
790 2497 956 2562 Anabasin
978 2502 1085 2562 natam
1108 2516 1178 2563 esse
1201 2516 1260 2582 ego
1283 2517 1407 2581 censeo,
1430 2503 1462 2564 et

336 2613 504 2678 Hellenioa
533 2613 617 2677 edita
646 2631 716 2677 esse
744 2630 839 2675 nemo
870 2616 982 2696 negat:
1016 2612 1100 2675 nulli
1123 2615 1229 2676 autem
1254 2610 1335 2676 libro
1359 2614 1461 2696 magis

295 2707 299 2715 ¹
338 2746 435 2811 quam
464 2724 725 2790 Memorabilibus
761 2744 798 2789 ea
824 2726 982 2790 convenit.
1006 2724 1068 2789 Sed
1090 2729 1122 2789 et
1145 2744 1182 2790 ea
1204 2724 1460 2791 Memorabilium

337 2845 453 2905 natura
483 2844 539 2921 est,
569 2843 605 2904 ut
636 2839 728 2903 facile
759 2859 868 2903 ansam
892 2838 1077 2923 praebuisse
1099 2838 1379 2922 interpolatoribus
1402 2859 1462 2904 sna

338 2957 516 3017 commenta
539 2971 680 3036 suasque
701 2953 895 3017 imitationes
918 2952 1080 3017 inserendi
1102 2971 1257 3036 perquam
1281 2953 1323 3017 sit
1345 2952 1458 3036 proba-

338 3066 410 3130 bile.
440 3065 569 3132 Etenim
600 3071 631 3129 et
654 3066 758 3150 capita
781 3067 800 3128 5
824 3070 856 3130 et
880 3066 899 3128 6
923 3065 997 3130 libri
1019 3065 1078 3149 III,
1101 3085 1297 3150 quamquam
1320 3069 1462 3150 genuina

337 3181 411 3262 sint,
444 3185 550 3244 tamen
583 3198 695 3263 parum
728 3183 799 3263 apte
822 3178 861 3244 ab
884 3180 954 3263 ipso
977 3177 1192 3263 Xenophonte
1216 3180 1255 3244 ad
1278 3178 1397 3244 librum
1421 3180 1461 3246 de

338 3290 467 3357 Socrate
497 3292 597 3355 relata
629 3310 708 3374 esse,
739 3294 823 3356 inter
849 3293 936 3356 viros
959 3291 1069 3356 doctos
1091 3297 1222 3358 constat
1246 3292 1461 3377 Impudentis-

338 3408 420 3472 sime
450 3411 557 3470 antem
585 3406 827 3490 interpolatores
850 3406 898 3470 illi
921 3407 1057 3490 grassati
1081 3411 1173 3470 sunt:
1197 3406 1292 3471 modo
1315 3408 1458 3472 ordinem

338 3520 565 3606 perturbarunt
596 3519 790 3604 vinculaque
820 3521 1068 3603 interruperunt,
1095 3519 1190 3584 modo
1213 3521 1306 3584 novis
1329 3524 1361 3585 et
1382 3541 1402 3585 a
1426 3540 1462 3586 ea

345 3692 490 3702 ——

371 3795 398 3862 l)
416 3795 590 3847 'leichmriller
606 3795 656 3846 Lit.
673 3795 776 3846 Fehdan
794 3795 826 3859 11,
844 3792 889 3844 50:
910 3794 976 3862 „leh
995 3794 1065 3844 halte
1082 3808 1109 3844 es
1123 3793 1166 3844 liir
1181 3793 1241 3845 sehr
1257 3793 1462 3858 natrirlich,dass

337 3889 489 3954 Xenophon,
512 3889 557 3939 der
583 3903 632 3940 von
653 3889 712 3939 dem
732 3887 908 3938 Athenischen
925 3885 1006 3936 Volkc
1023 3885 1150 3936 verbannt
1167 3899 1229 3949 war,
1246 3884 1369 3935 zunichst
1385 3885 1462 3936 heine

336 3982 436 4032 bessere
459 3980 656 4046 Beschdltigung
681 3978 768 4030 finden
792 3978 896 4043 konnte,
917 3977 955 4028 als
972 3978 1027 4028 sich
1045 3992 1079 4027 an
1096 3977 1154 4027 dem
1172 3976 1291 4027 Verbilde
1308 3977 1352 4026 des
1369 3975 1460 4028 Socra-

335 4077 375 4124 tes
399 4089 431 4124 zu
455 4075 561 4137 tristem,
588 4073 647 4123 dem
670 4071 698 4136 ja
720 4070 902 4122 Schlimmeros
925 4069 1095 4120 vvidersahren
1120 4067 1199 4118 vrar.''
1216 4067 1265 4119 Vix
1285 4082 1349 4133 opus
1366 4071 1414 4132 est,
1430 4073 1461 4118 nt

335 4179 462 4230 moneam,
486 4179 528 4216 eas
553 4169 646 4229 partes,
669 4178 735 4228 quae
759 4163 790 4212 ad
816 4162 975 4228 Polycratem
999 4161 1153 4224 pertineant,
1174 4175 1225 4211 non
1243 4165 1298 4210 tam
1315 4159 1385 4210 brevi
1404 4164 1461 4224 post

337 4255 447 4306 Socratis
471 4260 582 4306 mortem
605 4254 681 4305 scribi
705 4254 826 4318 potuisse.
849 4253 885 4303 De
906 4252 1067 4318 Polycrateae
1089 4250 1281 4302 declamationis
1296 4255 1411 4315 tempore
1428 4249 1460 4300 ci.

340 4345 451 4399 Cobetns
467 4348 484 4398 h
501 4347 519 4397 l.
