3330 5262
733 591 798 654 349

195 771 268 839 λάου
290 772 457 856 metamor
480 769 517 838 ὧν
540 773 724 854 Ἡριππίδας
747 770 890 852 ἐξενάγει·
915 768 989 848 ἦσαν
1014 774 1045 839 δὲ
1068 769 1142 839 οὗτοι
1162 779 1219 840 τῶν
1241 801 1276 843 τε
1295 776 1329 853 ἐξ

197 884 271 951 υἵκσυ
303 888 382 967 αὐτῷ
413 885 712 968 συστρατευσαμένων
743 885 876 951 καὶτῶν
901 886 1021 968 Κυρείων
1044 887 1128 962 τινές,
1153 887 1206 953 καὶ
1231 887 1329 962 Ἴυνει

197 998 229 1063 δὲ
258 997 311 1063 καὶ
342 999 460 1072 Αἰολεῖς
483 999 532 1064 καὶ
557 997 780 1073 Ἑλλησπόντιοι
803 998 939 1079 ἐχόμενοι
961 998 1014 1065 καὶ
1037 999 1148 1074 adorta
1173 997 1247 1067 οὗτοι
1269 1007 1326 1067 τῶν

196 1111 449 1193 συνεκδραμόντων
479 1138 512 1178 τε
533 1112 664 1191 ἕνένυντυ
687 1111 738 1179 καὶ
762 1113 801 1185 εἷς
825 1111 888 1193 δόρυ
910 1111 1085 1195 ἀφικόμενοι
1108 1113 1267 1196 ἐτρέψαντο
1294 1117 1327 1180 τὸ

196 1226 261 1291 καθ’
285 1224 414 1300 ἑαυτούς.
441 1226 644 1312 Quamquam
667 1233 776 1292 autem
801 1227 942 1293 absurda
966 1234 1052 1312 sunt,
1075 1249 1158 1312 quae
1176 1230 1327 1296 falsarius

196 1340 292 1404 tradit
316 1341 355 1405 de
377 1340 573 1425 Herippidae
596 1343 707 1425 cophe,
729 1346 835 1405 tamen
859 1341 1065 1407 manifestum
1087 1347 1135 1406 est
1154 1343 1239 1427 apud
1251 1363 1325 1408 eum

199 1453 304 1518 verbis
336 1451 389 1516 aa}
419 1435 677 1531 τάντες-ἕνένσντσ
700 1474 807 1538 neque
830 1455 1046 1519 narrationem
1069 1475 1176 1540 neque
1199 1461 1327 1521 senten·

197 1566 259 1630 tiae
282 1571 475 1632 structuram
500 1567 691 1632 conturbari.
715 1567 826 1632 Eieoto
848 1573 956 1633 autem
977 1588 995 1632 e
1015 1588 1091 1632 vero
1110 1569 1327 1654 Xenophonte

196 1680 258 1743 isto
298 1680 487 1745 emblemate
522 1684 729 1766 perspicuum
764 1682 801 1745 fit
837 1701 933 1765 quam
969 1681 1148 1766 puerilibus
1184 1683 1327 1748 artificiis

196 1793 332 1857 rhetoris
367 1794 556 1878 discipulae,
592 1796 645 1858 oui
684 1795 874 1879 Agesilaum
910 1793 1073 1880 debemus,
1110 1795 1207 1860 verba
1245 1815 1328 1880 quae

197 1905 394 1971 describebat
417 1913 542 1972 mutare
566 1913 597 1972 et
620 1927 734 1972 ornare
758 1914 893 1973 conatus
916 1909 965 1972 sit.

240 2019 298 2103 ΠΙ,
334 2020 385 2083 20.
420 2021 564 2085 Affertur
597 2021 748 2105 Agesilao
784 2022 919 2085 nuntius
953 2021 1096 2085 hostium
1131 2023 1255 2106 aliquot
1285 2023 1326 2087 ad

197 2131 352 2214 templum
385 2132 575 2217 confugisse.
607 2133 621 2196 ν’
650 2133 682 2196 δὲ
708 2132 812 2214 καίτερ
835 2132 936 2197 πολλὰ
958 2133 1120 2214 τραύματα
1144 2132 1223 2214 ἔχων
1246 2133 1326 2213 ὅμως

196 2244 247 2308 οὐκ
277 2243 434 2309 ἐτελσὶθετυ
463 2250 515 2310 τοῦ
538 2245 610 2310 θείου
632 2246 703 2310 ἀλλ’
729 2246 779 2310 ε’ἵιν
802 2270 836 2309 τε
857 2245 975 2310 ἀπιέναι
998 2241 1017 2326 ᾖ
1039 2245 1188 2325 βούλοιντο
1211 2247 1326 2312 ἐκέλευε

196 2355 247 2421 καὶ
271 2357 383 2423 ἀδικεῖν
408 2359 460 2423 οὐκ
484 2356 538 2423 εἴα.
564 2360 751 2424 Admodum
774 2361 947 2425 invenusta
972 2366 1020 2425 est
1039 2366 1105 2426 tam
1123 2361 1215 2427 brevi
1226 2365 1324 2427 inter·

197 2471 280 2535 vallo
316 2471 408 2536 verbi
442 2473 493 2536 ἕσῖν
525 2474 679 2557 repetitio,
710 2493 808 2557 quam
838 2475 874 2537 in
903 2473 1056 2558 Agesilao
1080 2474 1161 2538 libro
1187 2477 1324 2560 aequius

197 2604 293 2668 quam
324 2586 358 2648 in
389 2585 566 2650 Helleniois
588 2585 663 2652 fero.
689 2584 810 2661 Quidni
833 2586 1082 2670 Xenophontem
1106 2587 1177 2651 ἀλλ’
1201 2585 1322 2668 ἀφιέναι

196 2691 214 2775 ᾖ
236 2696 386 2774 βούλοιντο
408 2696 521 2762 ἐκέλευε
546 2700 712 2784 scripsisse
736 2699 949 2764 censeamus?

241 2810 300 2894 III,
335 2813 386 2875 23.
427 2811 546 2876 Hostes
582 2813 621 2876 de
656 2811 877 2896 superioribus
911 2811 990 2875 loeis
1024 2812 1168 2896 Agesilai
1203 2814 1324 2902 agmini

195 2924 357 2989 molestias
392 2925 561 2990 exhibent:
599 2926 717 2990 milites
751 2925 899 3010 Spartani
934 2943 1010 3009 ergo
1041 2923 1235 3006 ἐπεχείρησαν
1266 2925 1323 3003 μὲν

194 3036 247 3099 καὶ
279 3038 348 3118 πρὸς
379 3038 411 3102 τὸ
441 3038 527 3115 σιμὸν
558 3038 678 3103 διώκειν·
711 3035 775 3102 ἐπεὶ
799 3037 831 3101 δὲ
852 3038 954 3110 σκότος
977 3061 1011 3102 τε
1032 3036 1147 3116 ἐγένετο
1171 3035 1223 3102 καὶ
1246 3038 1322 3104 airo-

193 3155 354 3232 χυρυῡντες
383 3151 408 3215 oi
436 3151 492 3226 μὲν
524 3150 573 3215 διὰ
602 3151 656 3224 τὴν
690 3150 859 3231 δυσχωρίαν
882 3147 1016 3224 ἔτιττσν,
1041 3150 1065 3213 oi
1088 3149 1119 3214 δὲ
1143 3149 1195 3215 καὶ
1218 3150 1267 3215 διὰ
1289 3151 1322 3215 τὸ

194 3263 238 3342 μὴ
272 3268 390 3345 τρσυρσῖν
420 3265 461 3328 ad
490 3261 659 3346 ἔμπροσθεν,
695 3264 719 3328 υἱ
752 3261 856 3328 δὲκαὶ
880 3263 935 3328 ὑπὸ
958 3266 1014 3327 τῶν
1037 3262 1133 3340 βελῶν
1156 3263 1216 3328 κτὲ.
1244 3263 1322 3330 Sen-

195 3380 368 3444 tentiarum
399 3380 560 3464 copulatio
594 3378 618 3444 oi
640 3378 716 3456 μὲν.
731 3426 738 3441 .
753 3425 783 3441 ..
808 3377 833 3442 οἱ
856 3377 887 3442 δὲ
911 3375 984 3442 καὶ.
1076 3377 1101 3441 ot
1123 3376 1154 3441 a
1177 3376 1230 3442 καί
1250 3399 1321 3464 per-

195 3511 288 3557 versa
312 3497 369 3577 est,
393 3493 481 3578 quod
504 3498 536 3558 et
557 3491 822 3558 Breitenbaohius
846 3493 963 3556 sensit:
990 3492 1046 3557 sed
1070 3491 1157 3576 quod
1180 3494 1230 3555 vir
1249 3493 1323 3556 doo-

194 3607 340 3671 tissimus
370 3605 526 3671 voeabula
548 3606 572 3670 oi
595 3605 636 3679 δέ,
661 3625 743 3690 quae
766 3610 839 3690 post
862 3601 984 3668 ἔτιστσν
1009 3604 1170 3689 leguntur,
1194 3604 1322 3688 delevit,

196 3725 227 3784 et
256 3722 302 3784 ita
332 3740 350 3785 e
380 3718 483 3784 tribus
514 3720 690 3784 sententiae
714 3717 866 3783 membris
890 3718 954 3782 duo
979 3717 1063 3800 faoit,
1085 3717 1168 3781 hane
1190 3734 1322 3781 oausam

195 3834 347 3899 afferens:
382 3835 562 3918 „asperitas
592 3834 664 3898 viae
694 3852 760 3896 non
783 3832 861 3896 faoit
883 3836 920 3895 ut
943 3831 1105 3913 cadamus,
1128 3832 1157 3894 si
1179 3831 1241 3893 lux
1263 3835 1323 3914 est,

195 3967 300 4033 neque
335 3947 484 4013 tenebrae
520 3949 548 4012 si
580 3948 634 4012 via
663 3952 712 4012 est
743 3944 923 4030 expedita’',
953 3945 1062 4008 minus
1093 3943 1202 4029 probo.
1225 3942 1322 4008 Multi

195 4064 280 4128 enim
311 4066 404 4126 noete
428 4061 480 4126 vel
503 4079 560 4145 per
582 4058 730 4126 tenebras
754 4060 788 4122 in
812 4059 853 4122 iis
877 4058 939 4122 viis
963 4055 1104 4121 titubant
1126 4056 1321 4140 caduntque,

194 4196 275 4260 quas
297 4193 391 4239 nemo
414 4179 522 4238 tamen
541 4172 706 4254 δυσχώρσυι
726 4170 884 4256 appellare
904 4169 989 4235 velit.
1009 4167 1065 4233 An
1083 4166 1226 4248 δύσχυριι
1244 4168 1320 4233 illae

192 4290 263 4353 viae
286 4292 372 4371 sunt,
391 4286 448 4351 ubi
467 4287 569 4371 sparsi
587 4287 693 4352 iacent
710 4284 832 4370 lapides
852 4283 954 4348 aliave
973 4281 1224 4366 impedimenta?
1244 4279 1322 4346 Non
