3354 5268
761 630 779 688 5

218 811 247 889 3,
271 811 309 889 83
335 809 407 891 VH,
429 811 459 892 8,
484 811 511 874 1.
534 809 595 874 His
614 811 789 875 observatis
808 816 840 875 et
857 812 1212 896 receptaBornemauni
1225 833 1333 879 emen·

218 923 353 1004 datione,
386 925 486 986 totius
517 922 579 986 loci
612 925 801 989 sententiam
832 923 925 988 facile
947 927 1164 1008 perspexeris:
1191 927 1336 992 miraculi

219 1054 253 1098 se
276 1036 384 1119 ipsum
406 1039 520 1098 testem
544 1036 619 1098 citat
642 1035 840 1118 Xenophon:
864 1038 933 1120 ipse
956 1042 1108 1104 tesseram
1127 1057 1188 1121 per
1210 1039 1338 1106 ordines

145 1127 147 1132 ⁸
217 1153 452 1231 percurrentem
488 1149 620 1229 audivit,
654 1167 805 1231 praesens
839 1149 941 1213 adfuit
974 1169 1048 1213 cum
1078 1149 1182 1230 Cyrus
1212 1158 1338 1235 rogaret

205 1261 295 1344 quid
318 1262 364 1324 rei
387 1265 479 1341 esset,
503 1265 534 1324 et
558 1260 613 1324 uhi
635 1261 674 1324 de
693 1267 812 1326 tessera
832 1262 955 1325 audivit
974 1264 1140 1326 mirantem
1160 1263 1250 1345 vidit,
1263 1266 1336 1349 quis

216 1374 360 1438 tradendi
384 1379 496 1438 auctor
517 1372 640 1456 fuisset,
664 1393 738 1458 ergo
761 1374 911 1438 fatentem
937 1393 971 1439 se
994 1394 1058 1438 non
1083 1376 1216 1459 dedisse,
1235 1378 1269 1441 id
1289 1383 1337 1448 est

218 1485 323 1550 Deum
354 1487 492 1570 aliquem
522 1493 684 1551 auctorem
708 1489 869 1551 exstitisse
892 1494 1123 1572 agnoscentem.
1148 1487 1228 1564 Quis
1251 1492 1337 1554 enim

217 1602 280 1664 nisi
303 1601 422 1684 aliquis
445 1600 629 1665 coelestium
653 1620 722 1664 eam
746 1620 813 1665 rem
835 1600 949 1665 fecisse
973 1604 1153 1666 censendus
1177 1609 1234 1686 est,
1253 1624 1336 1688 quae

216 1734 317 1797 quum
352 1714 393 1778 ad
423 1712 546 1777 Ducem
578 1715 743 1797 pertineat,
774 1716 884 1797 ignaro
911 1713 1003 1778 Duce
1025 1716 1067 1779 sit
1089 1717 1238 1798 peracta?
1261 1716 1334 1785 Non

213 1832 336 1909 poterat
371 1828 405 1889 in
437 1831 501 1890 tam
531 1827 700 1910 perspicuo
732 1828 905 1909 praesentis
936 1825 1077 1890 Deorum
1102 1828 1217 1891 auxilii
1240 1849 1334 1913 argu-

214 1945 321 2003 mento
345 1939 504 2004 afferendo
526 1938 708 2022 Xenophon
732 1959 828 2004 suum
852 1959 968 2006 nomen
992 1941 1132 2023 reticere,
1157 1941 1213 2004 ubi
1234 1942 1268 2006 id
1291 1961 1333 2006 ex

215 2053 348 2115 veritate
370 2052 486 2115 addere
509 2057 624 2135 posset.
648 2050 763 2135 Neque
785 2051 831 2115 ibi
855 2052 1038 2142 delitescere
1062 2053 1113 2115 vel
1136 2059 1258 2136 poterat
1279 2054 1331 2117 vel

213 2164 347 2247 volebat,
370 2165 426 2228 ubi
449 2167 572 2228 occasio
597 2165 670 2228 data
692 2171 776 2229 esset
800 2164 1001 2248 significandi
1026 2185 1121 2229 suum
1142 2185 1217 2250 erga
1236 2169 1332 2231 caris·

213 2280 331 2342 simum
355 2279 491 2342 amicum
517 2277 702 2341 Proxeuum
726 2297 883 2342 amorem:
908 2279 949 2341 ad
972 2278 1230 2361 cognoscendum
1255 2280 1333 2363 quid

212 2390 361 2454 Proxeno
382 2390 503 2455 factum
526 2392 567 2454 sit
589 2410 663 2454 cum
687 2389 833 2454 Ducibus
857 2390 1076 2474 proficiscitur,
1099 2392 1234 2475 eiusque
1257 2411 1331 2457 cau·

213 2524 280 2568 sam
316 2504 400 2587 apud
435 2503 593 2568 Barbaros
626 2506 708 2587 agit3
744 2502 800 2567 ubi
835 2507 971 2568 nuntius
1002 2505 1041 2568 de
1071 2507 1202 2570 structis
1223 2526 1242 2569 a
1264 2507 1331 2570 Tis-

212 2616 366 2701 sapherne
400 2617 526 2680 insidiis
560 2616 690 2680 affertur
723 2617 804 2680 forte
838 2629 920 2681 cum
947 2617 1097 2681 Proxeno
1132 2619 1330 2683 deambulat:

210 2730 297 2794 haud
331 2749 444 2813 graves
478 2749 528 2793 res
561 2735 637 2794 sunt
671 2749 752 2813 quas
786 2734 902 2812 narrat,
935 2731 991 2795 sed
1022 2730 1145 2814 aliquid
1178 2734 1331 2796 momenti

210 2843 299 2907 addit
321 2845 374 2927 pia
393 2844 552 2907 memoria.
571 2843 695 2906 Verum
715 2843 849 2906 simulac
869 2844 1044 2907 sententiae
1062 2843 1236 2926 prudenter
1256 2864 1275 2907 a
1296 2864 1331 2908 se

209 2957 358 3040 prolatae,
381 2957 431 3021 vel
455 2958 628 3022 adversarii
650 2959 847 3040 argumentis
870 2976 942 3022 ase
964 2958 1081 3020 devicti
1101 2957 1328 3022 documentum

210 3075 258 3134 est
289 3071 439 3152 dandum,
467 3076 597 3134 veretur
617 3069 798 3153 Xenophon
824 3107 866 3116 —
889 3071 933 3134 ita
956 3072 1042 3134 enim
1065 3088 1123 3154 ego
1146 3088 1261 3135 censeo
1287 3108 1329 3117 —

210 3202 244 3247 so
268 3203 326 3247 suo
349 3185 479 3248 nomine
500 3186 535 3246 in
555 3203 684 3247 scenam
708 3183 890 3267 producere.

252 3297 448 3360 Adolescens
481 3316 555 3380 ergo
587 3297 759 3362 admodum
786 3296 966 3379 Xenophon
992 3301 1059 3359 erat
1083 3315 1183 3380 quum
1207 3294 1327 3376 Cyrum

209 3411 421 3472 comitaretur.
443 3408 557 3492 Neque
582 3409 660 3472 mihi
684 3408 822 3472 Oohetus
847 3407 1007 3490 satisfacit,
1026 3409 1082 3492 qui
1106 3407 1329 3491 „Xenophon-

208 3527 282 3604 tem,
315 3521 441 3604 qualem
477 3541 551 3585 eum
586 3523 620 3584 in
651 3521 795 3584 Anabasi
817 3519 1063 3604 conspicimus’',
1084 3521 1196 3584 statuit
1222 3539 1329 3599 „non-

209 3634 286 3698 dum
318 3636 517 3717 trigesimum
542 3637 653 3698 aetatis
676 3654 796 3699 aunum
821 3637 932 3718 egisse,
956 3634 1012 3697 sed
1034 3635 1140 3716 potius
1163 3651 1229 3695 uno
1253 3631 1328 3696 alte·

207 3765 307 3831 roque
331 3767 415 3811 anno
440 3748 498 3811 hac
521 3753 622 3812 aetate
643 3746 744 3812 fuisse
765 3746 978 3811 inferiorem''.
1004 3745 1069 3809 Cur
1088 3764 1162 3809 eum
1182 3745 1327 3808 nondum

207 3861 240 3923 id
273 3862 385 3925 aetatis
418 3860 518 3925 fuisse
551 3862 677 3925 credam
708 3862 819 3944 paucis
849 3860 1005 3924 indicabo.
1029 3859 1200 3922 Proxenus
1225 3878 1327 3941 quum

207 3973 439 4038 interficeretur
469 3975 597 4057 triginta
620 3973 685 4036 fero
707 3993 810 4037 anuos
833 3979 927 4037 natus
951 3976 1035 4035 erat:
1060 3977 1195 4054 putasne
1217 3969 1326 4034 Xeno·

206 4088 367 4170 phontem,
390 4089 417 4150 si
442 4086 725 4169 undetrigesimum
749 4105 870 4148 anuum
893 4090 1008 4168 ageret,
1028 4084 1188 4148 dicturum
1208 4081 1325 4147 fuisse:

209 4199 441 4284 „imperatoris
475 4201 600 4264 muneri
633 4199 776 4262 nondum
809 4218 881 4262 sum
912 4196 1103 4261 maturus’'?
1134 4197 1236 4281 Atqui
1266 4198 1327 4261 hoc

208 4313 285 4377 dicit
318 4311 375 4395 Ill,
408 4314 436 4395 l,
466 4290 517 4374 25.
547 4312 599 4374 An
632 4309 825 4394 probabilior
855 4328 893 4375 ea
917 4310 1079 4374 videretur
1101 4312 1275 4394 excusatio,
1298 4311 1326 4374 si
