3354 5268
740 617 779 678 21

183 821 219 865 re
250 802 464 883 disputarunt,
495 803 679 862 enumerata
709 800 848 862 invenio.
873 797 1018 874 Quorum
1043 798 1121 861 mihi
1146 801 1309 866 -libere

185 915 271 978 enim
308 913 410 975 dicam
446 911 523 994 quid
556 912 689 975 sentiam
723 947 764 956 -
795 911 1016 974 tantummodo
1051 931 1152 975 unum
1185 917 1308 976 certum

186 1028 322 1106 videtur,
353 1027 413 1088 tria
441 1025 572 1106 reliqua,
596 1043 677 1106 quae
699 1025 822 1106 primus
846 1022 1012 1106 Krtigerus
1036 1025 1141 1087 attulit
1164 1026 1209 1104 (in
1228 1025 1309 1089 libro

186 1140 226 1202 de
258 1137 422 1201 authentia
451 1141 483 1200 et
513 1138 694 1220 integritate
724 1135 911 1200 Anabaseos
943 1135 1195 1219 Xenophonteae
1218 1137 1310 1201 Halis

185 1251 351 1316 Saxonum
389 1251 495 1331 1824),
529 1256 584 1313 aut
619 1269 750 1332 prorsus
785 1249 962 1312 abiicienda
996 1234 1052 1312 aut
1082 1249 1208 1312 infirma
1238 1269 1308 1316 esse

185 1363 350 1428 contendo.
381 1362 525 1424 Primum
556 1363 674 1425 iniuria
702 1349 899 1424 Boeolrhium
936 1362 1094 1442 statuisse,
1116 1361 1213 1443 paulo
1237 1367 1309 1444 post

185 1476 262 1558 Gyri
303 1475 536 1558 expeditionem
577 1474 744 1538 Anabasin
787 1476 935 1557 scriptam
972 1493 1050 1554 esse,
1085 1493 1122 1537 eo
1157 1493 1308 1558 apparere

184 1590 352 1673 Kriigerus
380 1587 525 1668 affirmat,
549 1589 633 1671 quod
658 1593 689 1651 et
712 1589 828 1651 citetur
852 1586 974 1650 Ctesiae
996 1586 1077 1650 liber
1101 1587 1199 1666 (illius
1222 1589 1306 1650 enim

184 1703 354 1766 Persarum
391 1701 532 1780 historia,
568 1701 608 1763 ad
643 1720 763 1763 annum
801 1701 865 1762 399
896 1699 1051 1783 perducta
1081 1705 1113 1762 et
1144 1701 1185 1762 23
1209 1699 1308 1764 libros

184 1816 341 1899 conplexa
360 1791 471 1877 multis
492 1814 620 1877 demum
640 1819 711 1896 post
734 1811 809 1893 Cyri
822 1812 945 1875 obitum
958 1814 1050 1876 annis
1063 1812 1171 1896 perfici
1183 1813 1308 1895 potuit),

186 1935 218 1994 et
246 1927 487 1992 Lacedaemonii
518 1928 666 1990 dicantur
694 1926 761 2007 (Vl,
794 1926 824 2008 6,
848 1927 877 2005 9)
901 1928 963 1989 iam
989 1946 1054 1989 non
1078 1927 1135 1989 toti
1159 1925 1308 1990 Graeciae

186 2045 344 2125 imperare
376 2040 459 2119 (illos
483 2045 588 2103 autem
612 2039 833 2122 hegemonium
857 2059 967 2122 pugna
989 2037 1155 2102 Leuctrica
1178 2039 1307 2101 demum

185 2156 332 2218 amisisse
364 2158 506 2232 constat).
535 2153 582 2215 Ea
615 2160 722 2216 autem
747 2151 843 2215 verba
868 2171 950 2234 quae
974 2151 1029 2232 VI,
1053 2152 1081 2232 6,
1107 2153 1125 2213 9
1150 2152 1189 2214 de
1212 2150 1309 2214 Lace-

185 2269 360 2332 daemoniis
394 2268 546 2350 leguntur
579 2287 598 2329 a
633 2265 749 2329 Oobeto
782 2267 909 2328 uncinis
940 2264 1169 2328 includuntur:
1201 2283 1308 2346 neque

185 2383 313 2460 iniuria,
344 2386 380 2444 ut
410 2381 489 2443 mihi
521 2379 651 2462 quidem
675 2378 811 2459 videtur,
835 2398 909 2441 nam
932 2378 1090 2440 inutiliter
1111 2376 1308 2440 adiiciuntur

186 2499 218 2557 et
251 2495 464 2556 annotationis
499 2493 634 2575 speciem
670 2510 745 2574 prae
777 2510 810 2554 se
840 2490 956 2553 ferunt.
988 2488 1050 2553 Sed
1081 2491 1145 2552 sint
1168 2509 1244 2553 sane
1268 2489 1307 2553 ab

184 2609 254 2691 ipso
281 2605 494 2688 Xenophonte
518 2604 674 2688 profecta3
699 2623 762 2666 non
787 2621 939 2686 repugno,
966 2622 1040 2664 nam
1065 2622 1124 2665 cur
1147 2621 1235 2666 meae
1257 2623 1307 2665 ra·

185 2721 266 2784 tioni
296 2739 361 2782 non
393 2717 604 2782 adversentur
634 2736 711 2780 mox
742 2716 916 2780 declarabo.
946 2715 1049 2779 Multo
1073 2735 1149 2778 vero
1172 2717 1307 2779 maiores

186 2833 346 2894 molestias
376 2830 455 2893 mihi
486 2829 553 2892 bini
575 2831 637 2893 loci
660 2831 791 2912 pariunt
817 2829 872 2891 uhi
896 2827 1018 2892 Ctesiae
1041 2847 1158 2891 nomen
1181 2829 1306 2911 legitur.

186 2943 331 3007 Conabor
353 2949 459 3007 tamen
483 2963 532 3008 me
556 2943 662 3005 exiis
688 2942 796 3024 aliquo
821 2942 914 3004 modo
938 2943 1095 3024 expedire.

228 3056 469 3120 Absurdissime
501 3056 619 3117 dictum
654 3073 733 3136 esse,
757 3054 844 3137 quod
871 3054 969 3136 vulgo
993 3054 1111 3137 legitur
1134 3051 1229 3116 ὁπόσοι
1250 3054 1305 3130 μὲν

185 3174 240 3232 τῶν
263 3166 350 3246 ἀμφὶ
375 3166 506 3244 βασιλέα
528 3166 706 3239 ἀπέθνησκον
729 3166 859 3238 Κτησίας
879 3164 971 3243 λέγει·
990 3166 1060 3245 παρ’
1080 3166 1174 3244 ἐκείνῳ
1193 3166 1251 3246 γὰρ
1272 3162 1305 3239 ἦν

187 3282 303 3345 Coheto
337 3301 469 3364 prorsus
504 3281 667 3343 assentior.
704 3277 783 3354 Quis
816 3281 901 3342 enim
936 3299 1078 3362 unquam
1110 3269 1155 3343 ita
1178 3280 1305 3344 locutus

187 3401 250 3459 est:
289 3393 436 3474 „Ctesias
472 3394 531 3455 hoc
565 3397 687 3470 narrat,
724 3411 798 3454 cum
831 3391 919 3474 Rege
950 3394 1034 3455 enim
1067 3392 1180 3456 erat''?
1205 3391 1304 3467 Quasi

187 3528 261 3571 vero
295 3513 359 3588 aut,
389 3509 465 3590 quia
495 3526 568 3569 cum
599 3504 687 3588 Rege
713 3505 783 3584 fuit,
810 3506 888 3587 quid
911 3504 1009 3588 Regis
1032 3507 1131 3588 copiis
1156 3506 1307 3568 acciderit

187 3627 301 3684 natura
330 3623 399 3703 ipsa
421 3639 496 3683 eum
521 3620 658 3683 scribere
683 3621 828 3701 coegerit,
853 3624 908 3682 aut
933 3619 1070 3682 scribere
1094 3639 1158 3681 non
1183 3620 1304 3702 potuis-

187 3739 242 3814 set,
274 3736 300 3796 si
331 3752 367 3796 eo
391 3739 531 3815 tempore
555 3731 630 3794 alibi
652 3731 773 3795 fuisset.
797 3729 920 3795 Deinde
944 3733 1017 3813 quis
1042 3750 1184 3813 unquam
1209 3730 1303 3793 lecto-

187 3865 253 3909 rem
294 3846 376 3909 alius
418 3846 579 3928 scriptoris
621 3844 740 3906 librum
775 3846 934 3927 inspicere
969 3842 1066 3923 iubet,
1104 3842 1188 3905 unde
1223 3843 1303 3905 nihil

187 3964 357 4041 cognoscat
391 3963 514 4040 praeter
547 3976 717 4020 numerum
749 3957 914 4038 aliquem?
937 3956 1054 4018 Aliena
1077 3956 1160 4017 enim
1187 3957 1304 4038 scripta

186 4074 214 4135 is
244 4071 362 4149 laudat,
396 4072 452 4153 qui
479 4070 605 4133 chartae
628 4069 681 4132 vel
704 4069 804 4132 labori
829 4069 900 4132 vult
924 4087 1059 4151 parcere,
1083 4072 1114 4130 et
1138 4086 1212 4150 ergo
1236 4067 1305 4130 lon-

187 4187 307 4268 giorem
338 4184 501 4246 historiam
524 4182 574 4245 vel
599 4182 908 4262 demonstrationem,
931 4183 994 4243 iarn
1020 4180 1096 4242 alibi
1114 4186 1304 4260 exstantem,

187 4299 303 4360 iterum
339 4315 466 4358 narrare
500 4294 694 4377 supersedet,
726 4293 993 4376 quemadmodum
1024 4294 1092 4376 ipse
1121 4291 1304 4375 Xenophon
