3354 5268
772 639 790 700 9

221 828 372 888 venatum
408 825 529 887 exierat
562 822 643 904 (IV,
664 823 692 904 5,
726 823 804 904 24)?
839 821 966 898 Quanto
981 865 983 872 ·
1001 826 1121 888 maiore
1152 845 1250 908 quam
1283 845 1342 890 nos

220 937 338 1020 gaudio
369 955 432 1018 eos,
463 937 519 1020 qui
541 937 604 1019 ipsi
627 937 777 998 convivio
798 937 834 998 in
858 935 991 1017 Corylae
1015 937 1169 1000 bonorem
1191 944 1340 1022 apparato

221 1049 385 1130 affuerant,
407 1049 523 1133 legisse
545 1048 707 1132 probabile
731 1054 787 1130 est,
811 1048 1071 1132 Paphlagonibus
1090 1050 1288 1133 rogantibus,
1301 1071 1341 1114 an

222 1167 253 1226 et
287 1162 424 1226 feminac
456 1162 491 1223 in
525 1159 600 1242 Cyri
634 1163 778 1224 exercitu
809 1166 1016 1244 pugnassent,
1040 1180 1232 1245 responsum
1256 1181 1342 1226 esse:

224 1277 347 1356 „immo
382 1274 565 1338 versillae
598 1273 719 1357 Regem
753 1293 770 1337 e
801 1275 923 1338 castris.
945 1275 1062 1338 nostris
1090 1274 1246 1358 fugarunt
1278 1275 1344 1358 (VI,

225 1390 253 1469 1,
278 1387 376 1468 13)''?
402 1386 520 1463 Quidni
544 1406 581 1450 eo
606 1405 736 1471 quoquc
760 1386 935 1450 referamus
955 1385 1084 1450 Seuthis
1103 1388 1343 1450 conditionem?

222 1501 303 1565 Nam
328 1503 356 1565 si
378 1521 487 1566 revera
510 1502 549 1565 de
572 1501 638 1564 filia
662 1501 771 1564 adulta
792 1501 920 1564 locutus
944 1489 992 1564 est
1014 1499 1084 1564 Rex
1105 1501 1237 1581 (scilicet
1258 1502 1345 1584 quod

223 1622 279 1679 aut
301 1615 527 1699 Xenophontis
550 1614 676 1677 vultum
698 1633 763 1676 non
783 1613 864 1677 bene
883 1618 1006 1697 poterat
1018 1631 1219 1697 cognoscere,
1231 1633 1345 1698 vesper

223 1729 307 1791 enim
343 1732 417 1803 erat,
452 1732 508 1790 aut
543 1745 737 1810 quacunque
774 1726 813 1789 de
847 1728 955 1798 causat
993 1746 1089 1810 quam
1124 1728 1223 1790 miros
1258 1729 1344 1792 risus

224 1839 360 1903 Graecos
391 1839 489 1902 duces
520 1844 550 1902 et
580 1838 730 1922 locbagos
760 1844 855 1922 putas
887 1839 1033 1922 edidisse,
1066 1860 1165 1924 quum
1198 1841 1345 1906 audirent

224 1953 262 2016 de
296 1952 532 2016 adolescentulo
564 1952 757 2035 Imperatore
789 1972 848 2016 suo
882 1958 916 2016 ut
945 1953 1101 2017 Thracum
1125 1956 1210 2038 regis
1235 1973 1345 2019 socero

222 2067 419 2129 mentionem
443 2066 556 2129 iniici?

269 2176 375 2253 Quum
399 2197 474 2261 ergo
498 2179 621 2242 nullam
645 2199 773 2242 causam
797 2179 923 2242 videam
947 2179 1121 2262 quominus
1142 2180 1233 2262 hanc,
1247 2201 1344 2263 quam

224 2291 301 2372 dixi,
332 2295 467 2354 aetatem
497 2291 704 2374 Xenophonti
735 2292 924 2373 tribuamus
954 2312 1056 2356 unum
1088 2292 1194 2356 locum
1220 2293 1345 2375 addam,

225 2421 322 2487 quem
344 2422 415 2467 mea
439 2405 596 2467 sententia
619 2404 735 2467 reiecta
758 2406 815 2466 vix
838 2406 955 2487 poteris
982 2403 1122 2487 probare.

268 2515 410 2579 Libellus
434 2515 471 2578 dc
499 2513 705 2596 Vectipulabus
729 2520 802 2580 ante
823 2535 943 2579 annum
966 2518 1030 2579 355
1050 2518 1188 2601 scriptus
1201 2536 1266 2580 non
1279 2523 1344 2581 est:

223 2628 286 2711 ipsi
309 2646 393 2691 anno
418 2628 481 2689 355
503 2626 696 2710 Roquettius
719 2628 811 2691 illum
836 2628 922 2692 haud
941 2629 1129 2712 spernendis
1148 2631 1344 2712 argumentis

224 2741 381 2823 assignat:
415 2741 450 2802 in
485 2757 522 2803 eo
556 2745 662 2803 autem
697 2738 803 2804 libello
836 2740 904 2822 (VI,
937 2742 966 2821 1)
998 2743 1132 2824 scriptor
1154 2743 1241 2806 cives
1267 2762 1343 2806 snos

225 2853 382 2936 admouet,
406 2857 441 2916 ut
472 2853 662 2936 quantocius
685 2853 816 2916 consilia
840 2874 859 2916 a
883 2873 916 2917 se
941 2855 1013 2917 data
1036 2859 1262 2937 exsequantur,
1285 2855 1345 2919 hoc

225 2986 306 3030 usus
338 2970 526 3050 argumento
558 2970 622 3045 „ut
652 2963 745 3028 nobis
769 2966 995 3048 superstitibus
1017 2965 1209 3050 Respublica
1233 2986 1344 3031 secura

224 3078 350 3141 fruatur
381 3077 619 3161 prosperitate’'.
651 3077 701 3140 ita
731 3077 820 3161 loqui
845 3080 939 3142 etiam
962 3084 1066 3161 potest
1089 3084 1222 3162 vegetus
1245 3098 1344 3142 senex

226 3191 426 3274 septuaginta
449 3209 618 3272 annorum,
637 3190 860 3272 octogenarius
881 3190 1015 3254 dicendo
1028 3191 1104 3256 talia
1115 3193 1217 3255 risum
1232 3198 1344 3255 movet.

224 3301 267 3365 Et
290 3303 441 3385 quoniam
464 3301 557 3365 video
580 3320 658 3384 esse,
682 3303 738 3386 qui
762 3302 801 3367 de
825 3304 894 3367 eius
917 3302 1019 3367 libelli
1042 3311 1171 3369 auctore
1191 3305 1346 3386 dubitent,

225 3416 260 3477 in
293 3432 432 3498 quorum
464 3432 598 3477 numero
630 3416 725 3477 etiam
751 3415 791 3477 A.
814 3414 943 3479 Jacob
968 3420 1024 3498 est,
1049 3419 1106 3500 qui
1128 3436 1231 3501 nuper
1257 3415 1345 3481 Oeco-

225 3527 379 3592 nomicum
402 3531 433 3590 et
456 3525 611 3606 Excepto
634 3547 650 3590 c
673 3526 928 3592 Manorobdibus
952 3547 1027 3591 cum
1046 3529 1226 3593 utilissimis
1245 3548 1345 3592 anno-

225 3639 400 3705 tationibus
435 3642 621 3722 (utrumque
650 3639 769 3703 librum
799 3640 931 3705 Parisiis
960 3641 1045 3724 apud
1076 3640 1283 3705 Hachettium
1314 3647 1345 3704 et

226 3753 340 3833 socios)
375 3751 481 3833 edidit,
514 3751 601 3815 hunc
635 3772 764 3835 quoque
794 3753 983 3837 scrupulum
1015 3755 1163 3835 eximam,
1186 3753 1344 3818 afferendo

224 3865 330 3930 locum
361 3885 378 3929 e
407 3863 667 3928 Memorabilibus
699 3865 767 3948 (111,
792 3869 821 3948 6,
851 3866 912 3948 12),
935 3865 992 3929 ubi
1014 3864 1159 3930 Socrates
1183 3867 1223 3929 ad
1248 3865 1344 3931 Glau-

225 3997 336 4043 conem
375 3976 512 4061 „atqui”
544 3978 651 4061 inquit
688 4025 703 4058 ,‚
715 3979 790 4041 novi
824 3983 855 4041 te
887 3979 921 4040 in
952 3979 1075 4061 argenti
1104 3977 1230 4043 fodinas
1261 4000 1345 4043 nun-

227 4112 323 4176 quam
357 4092 493 4172 venisse,
527 4109 632 4174 neque
666 4109 741 4174 ergo
773 4091 877 4155 dicere
905 4109 1008 4173 posse,
1041 4093 1098 4174 qui
1120 4091 1177 4155 fiat
1199 4098 1236 4156 ut
1258 4113 1344 4157 nunc

225 4210 313 4269 tanto
347 4205 456 4267 minus
487 4223 582 4286 quam
614 4208 706 4267 antea
736 4203 812 4267 inde
842 4203 980 4285 redeat”,
1010 4209 1041 4267 et
1074 4223 1111 4268 eo
1134 4205 1345 4289 respondente

228 4337 423 4403 „nunquam
465 4335 502 4381 eo
536 4315 632 4380 veni'’
667 4318 712 4380 ita
745 4318 867 4401 pergit:
907 4320 981 4399 „cst
1015 4315 1156 4400 profecto
1190 4317 1218 4382 is
1252 4317 1342 4382 loeus
