3352 5260
884 621 947 685 196

341 808 409 881 λίαο
441 808 579 886 μοίλιστα
614 805 749 887 ἔχουσι
778 804 830 870 καὶ
861 805 956 887 Φίλαν
982 807 1034 871 καὶ
1057 806 1167 879 πόλεως
1191 807 1462 883 συνεπιμελεῖσθαι.

343 923 447 988 Immo
469 921 640 1005 παρέχουσι,
663 926 700 987 ut
724 922 844 1006 opinor.

388 1036 445 1120 IV,
477 1037 505 1100 6.
534 1036 686 1119 Narrare,
710 1054 775 1120 quo
799 1036 894 1099 modo
917 1034 1088 1100 Persarum
1112 1054 1171 1099 rex
1195 1035 1292 1099 simul
1315 1036 1362 1099 rei
1384 1035 1467 1098 mili-

344 1153 421 1215 taris
448 1155 480 1215 et
502 1151 549 1215 rei
573 1151 713 1215 rusticae
737 1169 846 1213 curam
870 1148 992 1230 habeat,
1018 1149 1134 1213 atalia
1157 1149 1287 1213 ethaeo
1311 1149 1388 1212 dicit
1411 1148 1467 1213 So-

344 1269 462 1328 crates:
494 1263 563 1327 κατ’
595 1262 723 1326 ἐνιαυτὸν
750 1257 883 1335 ἐξέτασιν
905 1267 1030 1326 ποιεῖται
1055 1264 1111 1324 τῶν
1135 1261 1314 1343 μισθοφόρων
1337 1260 1389 1326 καί
1413 1266 1469 1325 τῶν

344 1374 442 1440 ἄλλων
473 1369 513 1449 οίς
544 1373 687 1439 ὡπλίσθαι
717 1373 937 1455 προςτέτακται.
962 1373 1035 1438 Non
1061 1374 1220 1439 militibus
1242 1375 1377 1459 imperat
1400 1395 1468 1458 rex,

345 1496 383 1555 ut
417 1510 506 1555 arma
539 1491 674 1574 capiant,
704 1488 761 1554 sed
792 1488 841 1551 τὸν
871 1495 925 1561 τῆς
954 1486 1056 1568 χώρας
1079 1484 1212 1568 ἄρχοντα
1232 1489 1323 1554 iubet
1346 1494 1470 1554 certum

347 1605 507 1689 quendam
538 1604 677 1667 militum
708 1608 903 1667 armatorum
934 1621 1105 1666 numerum
1134 1602 1260 1667 habere.
1283 1579 1468 1687 Legendum

348 1737 422 1802 ergo
445 1722 508 1782 est:
534 1713 581 1788 οὓς
604 1715 745 1779 ὡπλίσθαι
769 1713 991 1796 προςτέτοικται.

392 1831 581 1914 Sequuntur
604 1830 697 1894 haec:
721 1826 773 1892 acal
797 1826 915 1901 ποίντας
934 1826 1003 1906 ἅμα
1021 1826 1154 1906 συνοίγοον
1173 1827 1251 1902 πλὴν
1270 1828 1336 1901 τοὺς
1357 1830 1386 1894 ἕν
1405 1837 1470 1902 ταῖς

347 1941 534 2024 οίκροπθλεσιν
558 1939 623 2005 ἔνθα
647 1941 683 2014 aa
705 1942 718 2005 θ
742 1939 886 2019 σύλλογος
907 1947 1043 2006 καλεῖται
1068 1938 1120 2005 καὶ
1144 1941 1210 2014 τοὺς
1234 1941 1288 2019 μὲν
1311 1941 1398 2023 αμφὶ
1417 1941 1470 2015 τθιν

346 2057 452 2122 ἑαυτοῦ
483 2051 589 2129 οίκνσιν
608 2054 707 2141 Ιαὐτὸς
737 2055 839 2136 ἐφορᾷ,
872 2054 937 2126 τοὺς
961 2054 992 2118 δὲ
1015 2053 1108 2135 πρθσοι
1131 2055 1327 2128 οθποιιιοῖιντας
1352 2055 1471 2127 πιστοὺς

348 2169 474 2247 πέμπων
505 2170 666 2234 ἐπισκοπεῖ.
691 2167 986 2253 Obtemperandum
1010 2174 1078 2234 erat
1100 2168 1295 2235 Schneidero
1319 2172 1472 2235 coniunc

348 2285 468 2349 tionem
497 2283 550 2348 καί
572 2284 707 2348 delenti:
732 2302 770 2348 ea
792 2284 876 2347 enim
900 2289 1086 2347 remanente
1110 2286 1286 2348 sententiae
1310 2289 1473 2349 structura

348 2398 561 2482 perturbatur.
586 2396 734 2462 Ceterum
757 2395 968 2460 conferendus
990 2401 1039 2461 est
1057 2397 1110 2460 hie
1128 2397 1219 2462 locus
1239 2416 1257 2462 e
1277 2396 1473 2482 Cynopaedia

350 2511 417 2594 (Vl,
452 2513 481 2594 2,
517 2512 579 2592 ll),
616 2509 672 2574 ubi
708 2510 747 2574 de
783 2508 890 2572 Croesi
925 2511 1026 2594 copiis
1058 2510 1135 2573 haec
1159 2511 1325 2574 dicuntur:
1352 2509 1474 2590 προιέναι

351 2623 471 2702 μέλλειν
502 2623 609 2696 αὐτοὺς
634 2623 673 2695 εἰς
697 2621 874 2703 Θύμβραρα,
899 2619 967 2687 ἔνθα
990 2621 1041 2687 καί
1065 2627 1113 2686 νῦν
1137 2623 1150 2687 ὅ
1173 2622 1317 2702 σύλλογος
1339 2629 1396 2688 τῶν
1421 2624 1474 2689 ὑπὸ

350 2735 481 2816 βασιλέα
503 2735 660 2817 βαρβάρων
685 2739 741 2800 τῶν
764 2734 844 2799 καίτοι
868 2735 984 2816 Συρίας.

395 2852 476 2917 Tum
504 2852 644 2915 narratio
667 2850 705 2914 de
728 2849 900 2914 Persarum
923 2869 997 2933 rege
1019 2851 1188 2933 imperium
1213 2871 1310 2916 suum
1334 2851 1472 2918 obeunte

353 2967 399 3030 sic
431 2966 653 3029 continuatur:
685 2960 738 3026 καί
766 2959 790 3025 οἳ
812 2960 867 3039 μὲν
890 2960 927 3025 ἂν
950 2961 1112 3041 φαίνωνται
1136 2966 1192 3026 τῶν
1215 2962 1402 3044 Φρουραρχων
1424 2964 1473 3028 καί

352 3081 408 3142 τῶν
439 3075 606 3156 χιλίαρχον
637 3073 686 3138 καί
716 3078 772 3138 τῶν
802 3077 960 3153 σατραπῶν
991 3074 1039 3137 τθν
1069 3075 1186 3154 οίριθμὸν
1217 3075 1265 3140 τὸν
1291 3075 1472 3155 τεταγμένον

352 3187 482 3255 ἔκπλεων
512 3187 631 3268 ἔχοντες
646 3235 653 3250 .
752 3185 869 3259 τούτους
900 3187 956 3263 μὲν
986 3184 1037 3250 καί
1069 3193 1135 3259 ταῖς
1165 3193 1271 3265 τιμαῖς
1300 3185 1382 3263 αὔξει
1412 3189 1472 3253 κτὲ.

352 3305 421 3367 Aut
450 3301 699 3386 Xenophontem
731 3300 814 3364 male
844 3300 1003 3364 intellexit
1033 3305 1089 3364 aut
1115 3302 1286 3366 oscitanter
1307 3302 1393 3386 legit,
1418 3304 1473 3387 qui

353 3418 478 3501 primus
500 3414 549 3478 καὶ
572 3417 628 3477 τῶν
649 3415 806 3493 σατραπῶν
829 3413 974 3477 inseruit.
998 3411 1051 3475 Ex
1069 3413 1109 3476 iis
1130 3414 1225 3495 enim,
1245 3433 1328 3497 quae
1341 3414 1360 3496 ξ
1374 3415 1414 3478 10
1428 3435 1473 3499 sq.

354 3534 534 3610 narrantur,
565 3529 790 3612 cognoscimus
821 3527 855 3590 in
886 3546 951 3589 una
980 3527 1110 3609 regione
1140 3545 1210 3590 esse
1241 3524 1422 3607 Φροθραρχον
1445 3533 1475 3591 et

355 3640 496 3723 ἄρχοντα,
527 3661 664 3725 quorum
694 3642 746 3704 hio
775 3644 964 3724 potestatem
995 3639 1091 3702 habet
1113 3644 1145 3704 et
1167 3646 1240 3704 ante
1264 3643 1371 3704 omnia
1394 3642 1474 3725 agri·

356 3756 500 3819 culturae
530 3758 663 3838 praeest,
691 3753 747 3817 ille
777 3771 851 3815 cum
881 3752 1015 3835 imperio
1045 3757 1110 3832 est;
1137 3752 1296 3817 interdum
1321 3759 1352 3818 et
1374 3774 1474 3818 unum

356 3868 519 3932 hominem
543 3873 680 3951 utroque
701 3866 794 3949 fungi
818 3883 952 3929 munere
975 3884 1115 3949 eumque
1139 3872 1295 3951 satrapam
1327 3868 1477 3951 appellari

356 3982 387 4065 (§
420 3982 481 4062 ll).
510 3981 596 4065 Ergo
628 3987 800 4065 antequam
831 3980 1014 4064 expositum
1045 3981 1094 4062 sit,
1126 3981 1204 4065 quid
1228 3982 1310 4046 illud
1333 3987 1476 4066 satrapae

357 4116 475 4161 nomen
507 4096 671 4181 significet,
702 4096 740 4160 de
767 4097 901 4179 satrapis
924 4094 1046 4178 aliquid
1068 4115 1197 4159 narrare
1221 4095 1396 4161 absurdum
1420 4101 1477 4178 est,

358 4217 505 4294 recteque
529 4211 547 4292 ἓ
572 4213 592 4273 8
614 4211 748 4294 legitur:
772 4206 823 4272 καὶ
848 4203 894 4280 οὓς
918 4207 972 4285 μὲν
994 4205 1031 4271 θον
1054 4206 1226 4282 αἰσθάνηται
1249 4212 1305 4273 τῶν
1327 4209 1477 4290 οίρχθντοιν

358 4322 576 4401 σννοικουμέννν
600 4346 632 4387 τε
653 4321 706 4396 τὴν
729 4322 828 4404 χώραν
852 4319 1091 4404 παρεχομένους.
1106 4370 1113 4385 .
1128 4371 1158 4386 ..
1179 4321 1288 4397 τούτοις
1309 4326 1363 4402 μὲν
1374 4326 1475 4407 χώραν
