3354 5268
917 624 957 686 72

374 811 461 874 mine
482 807 611 874 relativo
633 813 778 874 utamur:
808 828 908 892 „cum
931 828 968 876 ea
990 815 1079 896 parte
1101 810 1251 895 hostium,
1275 831 1370 895 quam
1394 810 1492 876 nobis

375 922 578 987 commodum
601 927 650 988 est
671 922 828 1008 aggredi”.

418 1035 484 1100 Ubi
506 1055 581 1102 vero
604 1033 793 1114 ταμιεύεσθαι
815 1037 944 1102 nullum
964 1037 1123 1102 obiectum
1142 1037 1245 1120 habet,
1258 1040 1352 1103 unice
1364 1044 1492 1106 rectum

375 1155 431 1232 est,
455 1150 542 1233 quod
569 1149 654 1233 apud
676 1149 892 1231 Thucydidem
916 1150 1033 1234 legitur
1056 1149 1123 1232 (VI,
1148 1152 1217 1233 18):
1241 1151 1292 1215 σύκ
1316 1146 1393 1214 ἔστιν
1415 1151 1493 1229 ἡμῖν

373 1259 571 1341 ταμιεύεσθαι,
595 1262 624 1334 ἐς
647 1259 710 1326 ὅσοι
728 1261 896 1341 βουλόμεθα
915 1260 1025 1343 ἄρχειν.
1040 1262 1184 1328 Verbum
1204 1265 1288 1328 enim
1300 1262 1494 1344 ταμιεύεσθαι

374 1377 499 1460 proprie
528 1382 703 1460 usurpatur
732 1376 772 1441 de
793 1377 1017 1461 promocond0,
1040 1379 1096 1461 qui
1120 1396 1162 1443 ex
1186 1377 1264 1441 cella
1287 1379 1426 1462 penaria,
1453 1378 1494 1442 de

376 1496 551 1573 quaestore,
585 1490 641 1574 qui
674 1510 716 1557 ex
750 1491 869 1556 aerario
901 1490 1058 1574 depromit
1090 1497 1246 1575 quantum
1268 1493 1332 1575 ipsi
1353 1492 1494 1572 videtur,

271 1595 274 1602 ’
374 1605 426 1668 vel
459 1605 568 1687 potius
603 1605 642 1668 de
670 1603 807 1687 domino,
838 1603 878 1669 de
906 1623 981 1688 rege
1003 1606 1061 1688 qui
1084 1605 1225 1689 depromi
1246 1604 1368 1670 iubent
1391 1604 1494 1670 Meta-

376 1718 506 1801 phorice
536 1722 643 1781 autem
674 1717 712 1781 de
743 1736 789 1800 eo,
812 1718 869 1801 qui
895 1719 1040 1782 cuiusvis
1063 1719 1111 1782 rei
1131 1717 1267 1782 liberum
1290 1718 1385 1782 habet
1407 1718 1495 1783 arbi-

343 1885 347 1890 .
376 1833 484 1916 trium,
518 1837 556 1895 ut
590 1831 752 1916 depromat
780 1833 800 1895 i.
820 1849 846 1895 e.
877 1831 917 1895 ad
948 1851 1044 1896 suum
1075 1851 1171 1896 usum
1195 1837 1309 1914 sumat,
1334 1838 1494 1915 quantum

376 1944 462 2009 libet.
493 1945 578 2029 Ergo
607 1942 778 2020 ταμιεύεται
807 1943 873 2016 τσὺς
903 1943 1059 2021 πολεμίους
1086 1947 1115 2010 is
1139 1946 1196 2029 qui
1218 1945 1359 2010 hostium
1383 1947 1494 2030 copias

376 2061 421 2124 ita
452 2059 574 2142 dividit
605 2065 640 2123 ut
671 2059 814 2143 singulas
837 2064 940 2144 partes
962 2059 1054 2124 facile
1077 2060 1204 2124 vincere
1226 2061 1335 2144 possit,
1359 2065 1390 2124 et
1413 2060 1494 2144 quid

379 2175 421 2237 sit
444 2172 467 2235 oi
490 2170 622 2249 πολέμιοι
644 2171 852 2253 παραδιδόασιν
871 2171 990 2244 ἑαυτοὺς
1009 2169 1206 2252 ταμιεύεσθαι,
1228 2194 1324 2257 supra
1341 2174 1493 2238 vidimus¹

378 2285 504 2351 Omissa
538 2292 642 2351 autem
678 2286 810 2368 obiecto,
841 2286 973 2351 verbum
1003 2283 1191 2363 ταμιεύεσθαι
1222 2287 1380 2370 significat
1406 2306 1495 2370 „suo

377 2399 531 2464 arbitratu
562 2399 738 2465 statuere”:
770 2406 839 2464 tum
870 2419 945 2464 vero
976 2401 1066 2465 nulla
1089 2402 1151 2466 nisi
1173 2400 1396 2485 intercapedino
1420 2423 1494 2468 sen-

378 2514 477 2579 tentia
500 2519 584 2579 recte
607 2534 682 2578 cum
706 2533 742 2578 eo
765 2515 918 2598 iungitur.
937 2514 1010 2579 Non
1029 2516 1123 2597 enim,
1146 2521 1180 2580 ut
1198 2517 1268 2580 loco
1286 2517 1493 2597 Thucydideo

377 2633 458 2709 utar,
488 2626 585 2691 verba
612 2627 661 2690 σύιι
683 2624 759 2690 ἔστιν
782 2627 855 2702 ἡμῖν
877 2625 1075 2704 ταμιεύεσθαι,
1101 2630 1289 2692 sententiam
1312 2628 1494 2694 absolutam

378 2741 536 2823 efficiunt:
556 2760 613 2825 pro
635 2739 755 2805 obiecto
768 2740 948 2805 addendum
962 2747 1037 2823 erat,
1051 2742 1136 2825 quod
1147 2742 1349 2824 Thucydides
1362 2743 1495 2807 addidit.

421 2856 562 2940 Apparet
585 2874 627 2920 ex
644 2856 694 2936 iis,
713 2874 795 2938 quae
813 2856 981 2939 hucusque
993 2857 1070 2938 dixi,
1082 2857 1160 2920 mihi
1174 2856 1323 2920 omnibus
1335 2857 1422 2940 locis,
1436 2857 1493 2922 ubi

379 2969 513 3034 verbum
532 2967 721 3048 ταμιεύεσθαι
741 2975 846 3033 careat
858 2968 988 3052 obiecto,
1001 2989 1105 3054 neque
1117 2971 1211 3034 adiici
1222 2972 1373 3054 potuisse,
1386 2991 1493 3056 neque

379 3084 455 3147 olim
486 3082 641 3146 adiectam
669 3083 769 3147 fuisse
798 3082 901 3146 videri
931 3084 1188 3148 coniunctionem
1220 3081 1302 3147 ύστε.
1327 3085 1394 3149 Aut
1417 3105 1493 3170 ergo

379 3200 565 3279 corruptum
589 3200 637 3259 cst
661 3195 747 3279 quod
769 3196 887 3280 legitur
909 3195 1021 3280 Cyrop.
1045 3196 1103 3279 IV,
1124 3198 1152 3278 1,
1174 3199 1231 3260 18:
1253 3195 1401 3278 ταρέσχσι
1421 3198 1494 3276 ἡμῖν

379 3304 576 3384 ταμιεύεσθαι,
609 3304 681 3370 ὥστε
714 3307 824 3380 ὃτύσσις
855 3307 1035 3387 ε’βσυλύμεθα
1058 3311 1155 3374 αὐτῶν
1178 3308 1341 3390 μάχεσθαι,
1365 3318 1396 3376 et
1419 3310 1494 3375 ύστε

379 3422 550 3488 delendum
572 3424 639 3504 erit,
652 3427 708 3486 aut
727 3421 855 3505 ἑαυτούς,
869 3424 954 3508 qnod
966 3426 1134 3508 praecedit,
1146 3426 1293 3490 etiamad
1305 3423 1494 3503 ταμιεύεσθαι

380 3535 571 3600 trahendum
595 3540 651 3618 est,
675 3555 776 3620 eaque
798 3537 877 3601 mihi
900 3538 1068 3621 explicatio
1089 3540 1189 3623 magis
1208 3540 1332 3616 arridet,
1353 3541 1428 3623 quia
1447 3542 1494 3606 sio

380 3650 458 3713 alter
492 3668 534 3714 ex
570 3647 764 3732 Cyropaedia
797 3651 886 3715 locus
921 3670 996 3714 cum
1032 3652 1128 3716 altero
1159 3653 1295 3717 fideliter
1325 3656 1492 3738 conspirat.

380 3764 488 3827 Eiecto
523 3768 628 3829 autem
664 3760 745 3846 ὥστε,
777 3764 828 3829 vel
860 3785 925 3829 non
956 3765 1071 3848 addito,
1095 3786 1271 3850 pronomen
1293 3766 1404 3840 ύτθσσις
1428 3788 1490 3833 non

382 3882 429 3942 est
459 3877 628 3941 relativum
652 3878 708 3942 sed
730 3879 992 3960 interropotioam.
1016 3878 1088 3942 Non
1111 3885 1215 3963 potest
1239 3900 1312 3965 ergo
1338 3881 1493 3947 Anabasis

381 3999 460 4079 loco,
491 3998 530 4060 de
560 4014 624 4079 quo
654 4012 742 4057 nunc
773 3994 906 4076 agimuS‚
929 3995 1152 4058 coniunctivus
1182 4014 1255 4059 cum
1279 3997 1435 4079 particula
1457 3993 1492 4062 ύι

382 4109 421 4174 ab
441 4129 478 4174 ea
497 4109 641 4193 pendere,
662 4107 715 4171 sed
736 4106 906 4189 legendum
920 4111 967 4170 est
978 4106 1027 4185 ἐφ’
1042 4101 1078 4169 ὧν
1091 4103 1199 4181 ἔξεστιν
1212 4107 1281 4186 ἡμῖν
1293 4106 1491 4186 ταμιεύεσθαι,

381 4220 492 4293 ὃτύσσις
517 4221 595 4298 ὑμῶν
618 4219 785 4298 βουλόμεθα
807 4217 970 4298 μύχεσθαι.
996 4220 1097 4285 Nemo
1117 4224 1210 4305 enim,
1232 4229 1268 4287 ut
1287 4226 1406 4308 opinor,
1419 4244 1492 4288 con-

382 4335 490 4402 tendet
521 4334 707 4414 ταμιεύεσθαι
739 4352 852 4397 eorum
882 4351 951 4398 esse
976 4332 1156 4421 verborum,
1181 4354 1272 4421 quae,
1296 4343 1332 4403 ut
1347 4357 1439 4418 posse
1463 4343 1493 4402 et
