3330 5262
764 622 829 684 309

235 807 320 870 vires
355 805 478 868 addunt
512 803 667 886 hostibus,
699 806 755 887 qui
779 805 969 888 impediunt,
994 805 1168 889 quominus
1191 805 1285 872 amici
1308 805 1360 866 sui

234 919 353 983 multos
379 918 517 983 habeant
540 918 748 1000 adversarios,
771 937 877 1002 neque
899 918 948 982 iili
971 919 1027 1001 qui
1051 917 1173 999 docent,
1199 918 1359 1004 quomodo

234 1035 376 1096 maxima
406 1034 510 1115 peruri
540 1033 641 1115 possit
672 1033 829 1096 sociorum
863 1033 961 1116 eopia,
989 1029 1073 1094 ἀλλά
1096 1029 1172 1093 πολὺ
1195 1031 1313 1108 μᾶλλον
1337 1029 1361 1094 οἱ

233 1144 340 1217 ἀδίκως
363 1168 396 1207 τε
418 1143 568 1224 χρήματα
589 1142 797 1225 ἀφαιρούμενοι
819 1143 871 1208 καὶ
895 1143 961 1216 τοὺς
985 1143 1064 1207 οὐδὲν
1087 1141 1263 1218 ἀδικοῦντας
1283 1142 1358 1206 ἀπο-

233 1257 399 1330 κτείνοντες,
424 1251 501 1320 οὗτοί
521 1256 589 1319 εἰσιν
612 1256 636 1320 οἱ
659 1254 711 1319 καὶ
735 1255 952 1328 πολλοὺςτοὺς
972 1255 1116 1327 ἐναντίους
1142 1259 1288 1330 ποιοῦντες
1308 1253 1359 1318 καί

234 1368 413 1451 προδιδόντες
446 1371 477 1432 οὐ
510 1368 595 1446 μόνον
625 1367 692 1440 τοὺς
722 1368 827 1448 Φίλονς
857 1367 941 1432 ἀλλά
971 1365 1023 1432 καί
1047 1367 1198 1438 ἑαυτούς.”
1223 1367 1360 1452 Egregie

235 1485 312 1547 haee
335 1483 419 1547 diota
441 1487 526 1564 sunt,
550 1486 581 1546 et
603 1484 649 1545 ita
668 1486 704 1545 ut
728 1482 809 1545 nihil
829 1481 1035 1546 desideretur.
1056 1481 1232 1548 Adduntur
1250 1485 1359 1548 autem

234 1604 307 1681 post
329 1593 450 1666 ἕαντσιίς
473 1595 572 1659 verba
594 1595 630 1658 δι’
653 1592 905 1674 αἰσχροκέρδειανἸ
923 1595 1041 1678 quibus
1064 1599 1097 1658 et
1120 1593 1360 1662 demonstrandi

235 1711 314 1773 ratio
348 1708 562 1792 perturbatur,
593 1712 625 1770 et
655 1709 831 1771 sententiae
855 1707 1012 1790 elegantia
1035 1707 1270 1790 pessumdatur.
1295 1705 1359 1770 De-

234 1821 479 1889 monstrandum
512 1823 597 1884 enim
628 1820 733 1884 solum
764 1821 824 1884 hoo
857 1825 914 1902 est,
937 1819 1056 1904 quibus
1078 1819 1259 1887 actionibus
1282 1820 1361 1886 ami-

235 1955 344 1999 uorum
369 1954 466 1998 causa
484 1935 647 2019 prodatur,
668 1934 989 2017 adversariorumque
1006 1933 1192 2011 adiuvetur;
1205 1927 1358 2001 itasimul

234 2053 364 2132 apparet
387 2047 518 2112 (initiam
543 2047 688 2130 illosque,
713 2049 770 2130 qui
794 2066 867 2110 eum
893 2066 930 2110 eo
949 2046 1076 2129 faoiant,
1097 2046 1358 2132 quandoquidem

235 2161 392 2226 eiusmodi
428 2162 568 2224 notiones
603 2161 829 2241 commiserint,
860 2160 1063 2243 proditorum
1090 2161 1219 2226 nomine
1243 2159 1359 2244 dignos

234 2292 312 2339 esse.
337 2273 407 2350 Qua
430 2293 464 2337 re
488 2280 595 2337 autem
618 2272 651 2336 τὸ
674 2271 782 2344 ἀδίκως
804 2272 994 2352 ἀφαιρεῖσθαι
1016 2271 1167 2352 χρήματα
1190 2278 1221 2338 et
1240 2271 1272 2338 τὸ
1292 2271 1359 2344 τοὺς

233 2386 314 2450 οὐδέν
347 2385 522 2457 ἀδικοῦντας
543 2383 721 2449 ἀποκτείνειν
744 2387 919 2449 amicorum
943 2405 1115 2450 numerum
1138 2387 1264 2450 minuat
1286 2385 1360 2450 hos·

232 2501 379 2582 tiumque
403 2502 527 2582 augeat,
546 2517 641 2562 nemo
660 2518 725 2561 non
745 2498 903 2582 intelligit,
916 2503 947 2562 et
957 2499 1102 2583 ineptum
1115 2497 1357 2580 absurdumque

233 2618 281 2677 est
303 2612 337 2675 id
358 2611 464 2676 verbis
488 2610 525 2675 δι’
549 2608 783 2691 αἰσχροκέρδειαν
807 2610 986 2694 significare
1005 2611 1097 2674 velle.
1117 2610 1228 2694 Ipsum
1250 2616 1356 2676 autem

232 2724 481 2808 Xenophontem
506 2743 543 2788 ea
563 2743 629 2788 non
649 2715 810 2788 addidisse
830 2743 873 2788 ex
892 2743 929 2788 eo
950 2730 1089 2808 apparet,
1110 2723 1195 2807 quod
1208 2743 1357 2808 perverso

232 2838 301 2901 looo
330 2838 433 2920 posita
457 2842 550 2916 sunt;
574 2837 655 2900 illud
677 2856 753 2900 vero
776 2836 903 2900 articuli
927 2836 1052 2901 defectu
1075 2836 1112 2901 fit
1134 2836 1357 2906 manifestum:

233 2954 288 3014 aut
322 2951 408 3014 enim
439 2950 523 3014 inter
551 2947 726 3020 ἀδικοῦντας
758 2954 790 3012 et
811 2949 1029 3020 ἀποκτείνοντες
1053 2949 1237 3014 collocanda
1260 2959 1359 3031 erant,

233 3069 297 3144 aut,
331 3065 360 3126 si
392 3065 456 3127 iam
492 3064 650 3127 sententia
684 3062 746 3126 illis
781 3068 865 3126 osset
900 3062 1087 3146 claudenda,
1118 3063 1274 3130 arficulus
1305 3060 1359 3134 την

234 3179 338 3241 omitti
360 3196 426 3241 non
449 3181 580 3259 poterat.

277 3287 335 3371 111,
359 3289 402 3352 46
426 3288 450 3352 οἱ
472 3287 503 3351 δὲ
521 3285 609 3367 ἀμφὶ
629 3286 835 3368 Ἀριστοτέλην
856 3285 908 3352 καί
922 3286 1083 3352 Μελάνίιον
1096 3285 1148 3352 καὶ
1160 3287 1357 3369 Ἀρίσταρχον

232 3405 466 3484 στρατηγοῦντες
495 3400 556 3464 κτέ.
589 3400 799 3484 Partioipium
825 3405 1060 3482 στρατηγοῦντες
1084 3403 1200 3466 melius
1223 3402 1359 3470 abesset.

277 3513 336 3597 III,
367 3515 409 3577 48
445 3513 478 3576 τὸ
510 3510 608 3590 μέντοι
639 3511 691 3575 σὺν
722 3519 784 3585 τοῖς
814 3511 985 3590 δυναμένοις
1019 3511 1071 3577 καί
1096 3513 1161 3590 μεθ’
1186 3510 1281 3580 ίππονν
1304 3511 1356 3577 καί

233 3624 300 3702 μετ’
329 3624 461 3688 ἀσπίδων
492 3627 617 3705 ἀφελεῖν
647 3624 696 3689 διά
726 3623 833 3689 τοιίτονν
854 3624 907 3698 την
931 3626 1078 3690 πολιτείαν
1102 3625 1219 3706 πρόσθεν
1243 3625 1357 3708 ἀριστον

232 3736 365 3815 ἡγούμην
400 3731 470 3802 εἶναι
504 3736 556 3802 καί
587 3741 635 3801 νῦν
665 3739 696 3802 οὐ
733 3736 982 3815 μεταβάλλομαι.
1007 3739 1168 3803 Haeeoine
1191 3745 1356 3823 tamquam

234 3852 358 3914 sinoera
381 3858 412 3915 et
434 3853 558 3934 integra
581 3850 707 3916 defendi
730 3856 761 3915 et
785 3850 955 3935 explicari!
979 3850 1057 3931 Vidi
1075 3853 1170 3933 enim,
1192 3852 1248 3934 qui
1260 3851 1358 3916 verba

233 3961 282 4026 διά
314 3962 422 4027 τούτων
456 3963 508 4036 την
538 3963 687 4027 πολιτείαν
717 3964 878 4028 illustrare
910 3964 971 4028 sibi
994 3965 1156 4028 videretur
1177 3969 1359 4050 comparata

232 4077 394 4140 locutione
425 4077 441 4148 η
466 4076 502 4139 δι’
527 4075 631 4152 ὀλίγον
654 4075 796 4140 πολιτεία.
824 4075 924 4151 Quasi
948 4095 1031 4158 vero,
1055 4078 1083 4140 si
1105 4077 1159 4140 ille
1182 4082 1265 4142 esset
1289 4095 1359 4140 ver·

234 4189 349 4252 borum
381 4209 495 4271 nexus,
530 4209 594 4254 non
619 4190 789 4253 dicendum
816 4194 899 4253 esset
920 4187 974 4260 την
997 4188 1045 4251 διά
1068 4187 1175 4253 τούτων
1198 4189 1356 4253 πολιτείαν.

234 4301 276 4367 Et
300 4306 373 4387 quis
396 4305 512 4386 credat,
534 4310 606 4388 post
629 4303 661 4366 τὸ
685 4303 737 4366 σὺν
761 4309 820 4376 τοῖς
845 4300 1013 4379 δυναμένοις
1028 4349 1035 4364 .
1050 4352 1058 4367 .
1073 4349 1079 4365 .
1095 4349 1102 4364 .
1117 4304 1244 4384 ἀφελεῖν
1266 4307 1360 4388 sequi
