3352 5260
642 617 646 624 ’
738 649 798 710 rar

205 836 329 898 nomini
362 831 469 897 τούτου
503 837 688 924 opponatur,
721 851 827 916 neque
860 851 935 916 ergo
966 833 1047 896 illud
1080 852 1154 897 cum
1187 835 1334 918 emphasi

207 948 440 1012 enuntiandum
466 951 526 1011 est.

252 1061 303 1123 13.
322 1057 457 1123 Dixerat
479 1059 679 1142 Aristippus:
709 1058 818 1139 „nulli
841 1059 963 1122 civitati
986 1078 1037 1123 me
1059 1058 1196 1123 adscribi
1221 1063 1335 1144 patior,

205 1173 261 1237 sod
292 1172 415 1256 ubique
443 1173 560 1256 hospes
592 1171 695 1236 sum”.
724 1170 908 1256 Respondet
939 1170 1084 1238 Socrates
1116 1178 1202 1238 τοῦτο
1234 1173 1336 1251 μέντοι

204 1281 258 1358 ἤδη
290 1283 387 1361 λέγεις
417 1283 503 1348 δεινὸν
534 1280 708 1360 τοίλοοισροοο,
740 1282 807 1355 τοὺς
837 1281 894 1363 γίορ
925 1280 1021 1357 ξένους
1052 1281 1087 1358 ἐξ
1109 1280 1141 1349 ού
1163 1284 1180 1350 ί
1200 1311 1234 1350 τε
1256 1287 1334 1360 Σίνις

204 1394 256 1460 acri
280 1397 293 1460 ὁ
316 1396 437 1477 Σκείρων
460 1395 512 1460 aci
536 1396 549 1460 ὁ
573 1396 769 1478 Προκρούστης
789 1396 931 1461 anteana
952 1396 1042 1470 οὐδεὶς
1064 1396 1105 1462 ἔτι
1124 1400 1228 1464 οίδικεί.
1250 1403 1332 1467 Tum

205 1512 252 1574 sic
273 1509 339 1575 fere
361 1513 481 1595 pergit:
509 1513 630 1595 „cives
655 1531 849 1595 quamquam
873 1512 1053 1595 moenibus,
1077 1515 1183 1598 armis,
1203 1515 1331 1599 legibus

206 1623 429 1706 defenduntur,
451 1643 516 1687 non
539 1629 675 1708 possunt
697 1624 840 1707 pericula
863 1646 882 1689 a
905 1645 939 1690 se
962 1627 1169 1711 propulsare;
1194 1633 1231 1692 tu
1255 1648 1332 1693 vero

205 1738 271 1819 qui,
302 1756 404 1819 quum
434 1735 554 1820 ubique
576 1737 692 1821 hospes
714 1739 767 1820 sis,
790 1739 880 1802 nulla
902 1739 1125 1804 huiuscemodi
1147 1761 1331 1825 propugna-

205 1851 278 1914 cula
307 1850 434 1932 habena,
464 1856 494 1915 et
524 1853 559 1915 in
591 1853 705 1935 quavis
736 1852 814 1916 urbe
845 1852 971 1917 civibus
995 1855 1039 1918 sis
1061 1854 1202 1938 inferior,
1224 1860 1332 1920 tamen

204 1983 311 2048 speras
343 1969 374 2027 te
405 1963 511 2028 nullas
542 1971 747 2048 accepturum
768 1965 950 2030 iniurias?''
974 1966 1102 2032 Mireris
1126 1987 1204 2052 ergo
1229 1967 1268 2032 ab
1293 1988 1330 2033 eo

203 2078 364 2160 praemitti
393 2077 482 2141 istud
508 2076 574 2148 τοὺς
600 2076 657 2157 γὰρ
680 2075 776 2150 ξένους
802 2115 844 2124 -
868 2076 960 2150 οὐδεὶς
982 2078 1087 2151 οίδικεῖ,
1113 2100 1215 2163 quum
1238 2100 1330 2165 prae—

203 2193 313 2256 sertim
344 2191 384 2255 ad
415 2192 565 2275 pericula,
596 2211 678 2276 quae
708 2194 881 2276 Aristipp0,
914 2213 1014 2276 quum
1038 2193 1154 2276 hospes
1180 2196 1230 2277 sit,
1255 2195 1331 2258 sub

203 2305 309 2370 eunda
339 2308 412 2388 sint,
436 2310 466 2370 et
489 2306 550 2369 hoc
571 2305 687 2370 referat
712 2355 727 2388 „
740 2306 827 2390 quod
849 2310 975 2370 tautum
1001 2309 1153 2390 temporis
1177 2308 1270 2391 degat
1295 2310 1327 2371 in

203 2420 274 2501 viis,
297 2418 354 2483 ubi
377 2424 440 2482 tam
467 2419 560 2483 multi
581 2421 733 2484 iniuriam
756 2420 942 2504 accipiant.’'
966 2420 1041 2485 Non
1064 2422 1157 2486 credo
1181 2428 1246 2487 tam
1267 2423 1330 2488 sibi

204 2531 430 2616 obloquentem
453 2553 471 2596 a
493 2532 706 2616 Xenophonte
728 2533 839 2598 induci
863 2534 1035 2618 Socratem,
1061 2556 1138 2600 nam
1160 2536 1327 2602 lenissima

204 2646 424 2710 emendatione
448 2646 534 2729 quod
557 2666 645 2710 nunc
666 2649 701 2710 in
721 2649 791 2712 eius
811 2646 917 2712 verbis
939 2650 1122 2728 estvitium
1135 2650 1205 2713 tolli
1217 2655 1328 2734 potest.

202 2759 461 2844 Transpositione
497 2761 583 2824 enim
618 2780 698 2845 opus
733 2767 790 2843 ost,
823 2763 869 2825 ita
903 2766 939 2825 ut
975 2764 1134 2826 sententia
1169 2761 1236 2835 τοὺς
1272 2763 1329 2844 pap

202 2868 299 2946 ξένους
326 2911 364 2920 -
389 2870 482 2943 οὐδεὶς
506 2870 547 2936 ἔτι
571 2873 669 2937 ἀδικεῖ
687 2875 851 2958 Aristippo
875 2873 1044 2956 tribuatur,
1065 2877 1237 2960 statimque
1257 2883 1330 2961 post

203 2986 300 3050 verba
330 2983 408 3060 ξένος
439 2990 599 3065 τοντοοχοῦ
629 2985 691 3064 rial
716 2992 887 3071 sequatur:
910 2989 956 3050 ita
982 2987 1123 3070 demum,
1147 2994 1183 3052 ut
1207 2990 1328 3073 opinor,

201 3119 394 3184 responsum
425 3104 574 3164 nascetur
600 3100 730 3164 homine
752 3101 848 3184 paulo
871 3100 993 3183 leviori,
1017 3100 1121 3183 qualis
1142 3101 1329 3186 Aristippus

199 3215 273 3296 fuit,
303 3215 536 3298 dignissimum,
568 3220 599 3278 et
629 3213 774 3278 Socrates
805 3211 953 3277 natuerat
986 3217 1134 3294 Φνιυκρῶν,
1167 3216 1327 3300 amicique

199 3329 306 3391 iocum
338 3327 508 3392 admodum
540 3328 716 3410 scurrilem,
740 3348 804 3411 qua
827 3348 884 3410 par
908 3333 966 3409 est,
991 3329 1160 3392 severitate
1183 3331 1326 3412 examin·

200 3441 256 3505 bit.
286 3439 410 3505 Deinde
441 3445 473 3504 et
502 3438 586 3504 κοινοί
616 3442 664 3502 νῦν
693 3443 726 3504 in
755 3444 803 3502 νῦν
827 3441 884 3518 γάρ
910 3441 1100 3521 mutandum
1125 3442 1203 3504 erit:
1228 3442 1326 3505 semel

200 3554 328 3620 turbato
359 3555 591 3618 sententiarum
615 3555 734 3637 ordine,
756 3554 837 3618 illud
861 3573 990 3638 qnoque
1013 3555 1129 3618 vitium
1154 3557 1327 3620 accessisse
1406 3625 1410 3632 ff

198 3667 292 3733 facile
316 3674 364 3733 est
387 3668 428 3732 ad
450 3669 701 3752 intelligendum.

246 3783 297 3844 22.
326 3779 401 3846 ἱίστε
422 3780 596 3862 ἐρυθροτέραν
618 3784 669 3844 τοῦ
693 3777 772 3852 ύντος
795 3779 888 3844 δοκεῖν
911 3779 1075 3860 Φοιίνεσίοοι.
1101 3781 1208 3845 Verba
1231 3780 1325 3845 δοκείν

200 3901 232 3962 et
254 3896 408 3975 Φοίνεσύου
431 3899 476 3961 ita
497 3899 580 3960 inter
603 3915 637 3960 se
659 3897 768 3960 iuncta
790 3895 865 3960 ferri
888 3913 954 3960 non
977 3901 1126 3979 possunt,
1151 3896 1207 3959 sed
1231 3896 1326 3960 alter-

201 4015 311 4075 utrum
335 4010 506 4075 dolendum
531 4014 587 4074 est.

245 4125 296 4187 24.
325 4123 522 4208 Voluptates
553 4143 634 4207 quas
665 4122 799 4187 Herculi
830 4124 871 4186 sit
902 4121 1093 4206 praebitura,
1115 4122 1159 4185 ita
1184 4124 1200 4194 ἡ
1227 4120 1324 4186 Κοικίοι

199 4256 385 4302 enumerare
418 4238 546 4321 incipit:
584 4234 779 4312 σκοπούμενος
814 4233 908 4299 διοίσει
941 4233 973 4298 τί
1000 4231 1037 4297 aa
1067 4233 1280 4314 κεχαρισμένον
1306 4233 1323 4309 ἢ

198 4349 285 4415 σιτίον
308 4347 324 4424 ἢ
348 4347 434 4413 σοτίν
464 4345 549 4430 εύροις
577 4349 637 4412 ari.
662 4349 806 4414 Verbum
831 4346 926 4412 διοίσει
949 4348 1068 4412 multas
1088 4350 1206 4414 criticis
1227 4352 1325 4415 inter·

1191 4459 1225 4510 11
