3352 5260
737 621 799 683 149

334 802 534 882 γιγνομένους,
565 823 745 888 parumque
769 803 929 887 eleganter
951 805 1036 868 inter
1058 822 1092 868 se
1116 809 1322 888 opponuntur

333 920 431 990 καλῶς
453 915 598 996 ἀχθείσας
622 922 654 983 et
675 916 857 994 ἀναγώγους.

379 1032 397 1113 §
421 1034 442 1095 4
465 1033 602 1096 recurrit
623 1032 685 1096 istu
707 1030 798 1095 verbi
820 1029 972 1108 γίγνεσθαι
995 1030 1185 1114 coniugatio

378 1145 397 1227 ξ
422 1146 441 1208 5
465 1145 609 1230 gradatio
634 1145 790 1230 quaedam
812 1145 1009 1224 instituitur;
1034 1143 1089 1208 sed
1112 1163 1227 1228 parum
1249 1143 1318 1209 feli-

332 1260 410 1323 oiter
431 1260 579 1343 scriptori
601 1277 652 1323 res
676 1260 786 1324 cessit:
807 1278 883 1322 nam
902 1258 1069 1341 usquead
1091 1254 1325 1337 παρεσκευάσθαι

333 1373 441 1457 aliquo
475 1373 569 1437 modo
608 1373 670 1436 dici
699 1377 812 1457 potest
843 1391 968 1456 semper
996 1373 1127 1456 gravius
1161 1372 1322 1456 quoddam

333 1487 486 1551 stultitiae
508 1506 612 1572 genus
635 1488 787 1570 proponi3
814 1506 895 1570 quae
918 1486 1033 1551 deinde
1053 1490 1235 1570 sequuntur
1255 1506 1323 1550 non

331 1603 393 1665 iam
429 1621 502 1666 cum
537 1600 800 1685 praecedentibus
832 1601 1008 1666 cohaerent.
1038 1600 1162 1666 Verum
1193 1599 1320 1664 nullum

330 1735 474 1799 unquam
505 1715 564 1779 heo
596 1715 630 1797 §⁰
659 1715 767 1778 locum
794 1716 986 1799 ineptiorem
1010 1715 1086 1796 vidi,
1108 1713 1243 1797 nullum,
1266 1717 1323 1798 qui

330 1831 433 1913 magis
464 1828 583 1913 legenti
613 1827 710 1892 bilem
738 1832 879 1892 moveat:
906 1829 1051 1891 omnium
1075 1832 1182 1892 autem
1206 1826 1318 1892 absur-

333 1942 501 2008 dissimum
532 1947 588 2023 est,
613 1941 699 2025 quod
726 1942 755 2005 is
778 1941 896 2005 dicitnr
919 1939 1022 2013 ἠλίθιος
1047 1960 1125 2024 esse,
1148 1942 1204 2026 qui
1228 1940 1320 2020 μηδὲν

330 2054 442 2133 ἀγαθὸς
462 2047 532 2118 εἶναι
555 2054 688 2127 δοκῶν,
714 2073 749 2119 se
768 2059 859 2139 putet
882 2053 1087 2130 εὐδοκιμήσειν.

373 2170 450 2234 Toto
473 2171 575 2254 eapite
598 2170 663 2234 duo
685 2170 852 2234 hominum
874 2189 992 2254 genera
1015 2173 1261 2236 enumerantur:

375 2284 403 2346 l.
429 2281 492 2359 Qui
514 2287 638 2367 putant,
662 2289 779 2347 setam
801 2285 928 2368 egregia
946 2283 1104 2367 praeditos
1116 2301 1185 2352 esse
1197 2283 1313 2367 indole,

329 2397 477 2462 utnulla
501 2396 562 2462 sibi
586 2416 666 2480 opus
690 2397 731 2461 sit
755 2397 930 2481 disciplina,

375 2513 403 2574 2.
440 2510 503 2587 Qui
534 2515 663 2595 propter
692 2511 820 2575 divitias
852 2530 979 2574 omnem
1010 2511 1210 2596 disciplinam
1241 2532 1317 2576 oon-

330 2629 485 2691 temnunt.

371 2739 487 2804 Nonne
509 2759 606 2804 verus
629 2738 812 2823 Xenophon
834 2741 943 2823 potius
966 2740 1124 2805 eiusmodi
1148 2742 1314 2808 hominum

328 2854 473 2938 exempla
491 2856 660 2938 posuisset,
671 2853 898 2936 Socratemque
913 2874 987 2917 cum
1001 2854 1109 2938 aliquo
1122 2874 1164 2919 ex
1175 2860 1315 2938 utroque

326 2986 442 3051 genere
476 2966 691 3051 disputantem
722 2966 928 3030 induxisset?
953 2966 1015 3032 Sed
1040 2966 1178 3034 dubitari
1200 2973 1314 3052 potest

326 3100 405 3144 num
432 3100 578 3165 unquam
601 3083 636 3144 in
657 3099 765 3145 rerum
788 3085 904 3144 natura
926 3081 980 3144 illa
1003 3081 1124 3146 fuerint
1147 3082 1315 3148 hominum

325 3213 449 3279 genera.
471 3193 561 3260 Certe
581 3195 667 3278 quod
687 3195 778 3278 prius
789 3195 920 3278 ponitur
932 3197 989 3259 aut
1000 3215 1168 3279 nunquam
1181 3197 1313 3280 exstitit,

326 3312 383 3373 aut
413 3327 450 3372 eo
480 3307 638 3372 referendi
669 3312 745 3372 sunt
768 3308 923 3392 homines,
948 3309 1052 3393 qualis
1076 3315 1124 3374 est
1146 3310 1313 3392 Euthyde-

325 3442 407 3504 mus,
430 3439 525 3506 quem
549 3441 580 3497 c„
599 3422 632 3485 Π
656 3423 888 3507 conspicimus:
914 3424 943 3488 is
965 3427 1071 3488 tamen
1095 3442 1160 3489 non
1180 3443 1312 3512 prorsus

324 3557 450 3602 omnem
475 3539 599 3622 respuit
620 3538 863 3621 institutionem,
888 3538 943 3602 sed
966 3538 1065 3603 libros
1086 3557 1161 3604 suos
1181 3539 1313 3604 idoneos

324 3651 383 3716 sibi
403 3652 471 3716 fore
492 3653 659 3737 magistros
679 3657 791 3736 sperat.
810 3651 891 3716 (lum
904 3652 1001 3716 altero
1014 3671 1129 3737 genere
1142 3653 1308 3717 hominum

323 3765 413 3848 loqui
436 3765 550 3830 inutile
573 3784 642 3830 esse
667 3765 787 3849 opinor.
812 3763 891 3840 Quis
914 3766 998 3829 enim
1020 3770 1084 3828 tam
1105 3767 1235 3852 ineptus
1255 3770 1313 3848 est,

324 3882 362 3942 ut
384 3883 483 3963 putet,
503 3898 537 3943 se
560 3878 624 3942 illis
646 3879 837 3962 persuadere
860 3898 966 3963 posse,
989 3881 1046 3962 qui
1068 3874 1171 3942 οἴονται
1193 3874 1311 3957 ἐξαρκέ-

324 4014 382 4055 σειν
405 3990 493 4073 σφισὶ
516 3992 710 4057 chartarium
733 3992 800 4072 πρὸς
823 3993 856 4057 τὸ
879 3991 1110 4073 διαπράττεσθαί
1128 4015 1162 4056 τε
1184 3989 1207 4066 δ’,
1228 4015 1255 4056 rr
1274 3990 1311 4056 dar

325 4103 488 4182 βούλωνται
521 4104 572 4170 καὶ
607 4107 749 4184 τιμᾶσθαι
783 4105 839 4188 ὑπὸ
872 4108 928 4168 τῶν
958 4106 1133 4186 oirtpoirov?
1165 4105 1311 4174 Profecto

324 4218 470 4284 Socrates
500 4219 582 4302 illos,
606 4221 634 4284 si
663 4221 727 4284 iam
750 4240 888 4304 usquam
912 4220 1057 4285 invenire
1076 4224 1192 4304 posset,
1216 4220 1310 4303 (ultro

325 4334 420 4416 enim,
455 4337 493 4396 ut
523 4334 643 4416 opinor,
675 4333 714 4397 ad
744 4352 818 4398 eum
841 4353 907 4397 non
931 4331 1109 4415 veniebant)
1134 4333 1205 4398 aliis
1229 4334 1310 4398 mul-
