3352 5260
738 574 799 634 177

198 763 274 826 velit
307 761 377 826 fieri
409 780 611 842 oeconomus,
641 778 715 823 eum
739 763 770 822 et
792 755 964 834 ἐπιμέλειαν
989 757 1103 822 habere
1127 759 1322 822 demonstrat

199 894 329 940 necesse
352 894 431 956 esse,
453 880 484 939 et
505 874 593 938 illam
615 874 645 937 ei
667 891 737 936 esse
759 875 859 935 artem
883 871 1102 955 appetendam,
1127 891 1210 954 quae
1228 872 1323 935 raris-

200 993 281 1054 sima
303 992 345 1054 sit
366 991 402 1053 in
426 991 500 1071 vita,
522 988 556 1052 id
581 992 628 1052 est
652 992 751 1050 artem
773 985 919 1050 homines
945 985 1006 1049 sibi
1030 985 1241 1049 devinciendi.

243 1101 301 1165 HI.
331 1100 470 1166 Tertium
505 1105 739 1184 argumentum,
770 1118 869 1182 quare
899 1118 957 1182 ego
980 1118 1044 1162 non
1068 1099 1204 1182 credam,
1228 1097 1326 1163 Oeco-

199 1217 361 1279 nomioum
397 1215 472 1278 olim
502 1213 603 1278 fuisse
634 1212 892 1277 Memorabilium
923 1217 1055 1296 partem,
1087 1213 1244 1276 eiusmodi
1268 1216 1324 1294 est,

199 1333 237 1392 ut
270 1329 298 1391 si
332 1327 480 1391 omnibus
515 1326 684 1410 philologis
718 1325 917 1409 probaretur,
951 1327 1063 1389 ceteris
1093 1324 1186 1389 facile
1218 1345 1325 1391 carere
1359 1341 1363 1350 ·

200 1459 376 1524 possemus.
412 1438 575 1503 Contendo
610 1441 696 1503 enim
731 1438 853 1502 nullam
885 1457 955 1502 esse
987 1457 1117 1502 causam
1147 1457 1205 1503 cur
1235 1443 1326 1522 pute-

201 1574 284 1636 mus,
316 1555 420 1637 quinti
450 1553 525 1616 libri
555 1553 626 1616 loco
650 1550 900 1616 Oeconomicum
926 1571 944 1614 a
967 1551 1183 1635 Xenophonte
1207 1549 1326 1615 Memo-

200 1666 354 1731 rabilibus
396 1685 466 1731 esse
508 1666 676 1730 adiectum.
710 1664 813 1728 Video
857 1664 988 1748 quidem
1024 1685 1042 1728 a
1076 1665 1188 1729 multis
1222 1667 1327 1749 prima

201 1779 405 1844 Oeconomici
434 1778 532 1843 verba
561 1775 672 1850 ἥκουσαι
702 1776 733 1840 δὲ
763 1777 856 1840 αὐτοῦ
888 1777 1001 1860 afferri,
1029 1783 1060 1842 et
1082 1779 1201 1841 mirum
1225 1798 1326 1862 quan-

200 1899 270 1957 tum
311 1893 485 1978 particulae
525 1893 572 1955 illi
615 1889 647 1954 δὲ
688 1889 804 1954 tribui:
843 1892 1042 1956 contendunt
1076 1893 1161 1955 enim
1196 1893 1324 1957 nullum

199 2006 328 2088 librum,
370 2007 428 2090 qui
470 2025 534 2069 non
576 2024 649 2068 cum
692 2004 894 2088 praecedenti
936 2004 1045 2088 aliquo
1086 2005 1258 2088 cohaereat,
1291 2008 1327 2069 in

201 2121 303 2203 prima
344 2119 501 2183 sententia
535 2136 604 2181 eam
640 2117 828 2200 particulam
863 2115 979 2181 babere
1013 2136 1116 2201 posse,
1151 2118 1208 2182 sed
1244 2119 1327 2201 quia,

201 2251 329 2315 quaeso,
350 2233 456 2296 credat
475 2237 540 2295 tam
560 2232 651 2295 tenui
670 2235 857 2313 argumento
879 2250 1010 2314 magnas
1023 2249 1073 2294 res
1086 2230 1200 2294 confici
1211 2251 1328 2319 posse,

201 2348 274 2430 quis
296 2345 478 2410 istiusmodi
501 2345 646 2408 minutiis
668 2343 769 2407 fretus
794 2343 832 2407 de
856 2345 1048 2426 cuiusquam
1072 2343 1145 2407 libri
1166 2349 1326 2409 naturaet

201 2458 308 2522 indole
326 2459 468 2522 iudicare
485 2457 624 2521 audeat?
640 2456 774 2520 Accedit
787 2456 872 2539 quod
885 2457 938 2519 hic
949 2457 1125 2540 particulae
1137 2477 1217 2521 usus
1229 2459 1327 2522 variis

201 2573 305 2636 modis
327 2571 422 2636 facile
440 2576 470 2635 et
491 2571 644 2654 explicari
662 2574 767 2654 potest
786 2575 817 2634 et
837 2569 971 2633 defendi.
984 2570 1052 2634 Aut
1065 2571 1150 2635 enim
1161 2570 1326 2655 Requettii

202 2690 390 2769 argumento
422 2685 470 2748 uti
500 2703 682 2767 possumus,
714 2685 770 2766 qui
802 2683 841 2747 de
872 2684 932 2746 hac
954 2702 990 2748 re
1012 2689 1044 2748 et
1067 2685 1128 2748 alia
1151 2686 1325 2768 prudenter

201 2799 355 2882 docteque
376 2797 526 2881 disputat,
549 2801 579 2860 et
602 2797 662 2860 hoo
687 2797 781 2860 dicit:
810 2844 825 2877 „
837 2795 900 2861 Sed
924 2797 1053 2859 omnino
1077 2797 1173 2860 eum”
1196 2797 1325 2878 (Schen-

200 2913 318 2976 lrlium:
343 2911 440 2976 buius
465 2912 551 2974 enim
574 2911 765 2974 sententiam
788 2909 981 2994 Requettius
1001 2911 1179 2993 impugnat)
1205 2908 1325 2991 „Oeco-

200 3025 321 3087 nomioi
355 3028 386 3087 et
416 3022 578 3107 Symposii
607 3025 778 3107 prooemiis
802 3028 928 3087 tantum
953 3025 1150 3088 auctoritatis
1174 3023 1326 3088 tribuisse

201 3139 319 3200 mirum
344 3142 400 3219 est,
424 3139 481 3220 qui
504 3138 647 3200 omnium
670 3137 737 3200 fere
761 3136 1018 3201 Memorabilium
1038 3138 1194 3202 librorum
1214 3157 1326 3222 prooe-

201 3251 266 3313 mia
296 3249 474 3313 adulterina
504 3253 535 3313 et
566 3248 605 3312 ab
635 3249 861 3333 interpolatore
893 3251 1000 3314 addita
1022 3270 1093 3315 esse
1116 3253 1278 3315 existimat
1291 3251 1324 3331 1).

201 3361 316 3426 Nonne
349 3363 479 3427 illorum
510 3381 640 3445 quoque
669 3362 826 3426 librorum
857 3365 960 3447 prima
983 3363 1089 3446 verba,
1113 3366 1140 3428 si
1162 3384 1227 3428 non
1250 3365 1325 3428 addi

201 3482 233 3540 at
263 3478 426 3540 retraetari
455 3481 486 3540 et
515 3477 634 3539 mutari
656 3481 830 3560 potuerunt
852 3479 1111 3560 a‘grammatico,
1134 3479 1191 3561 qui
1214 3477 1325 3541 Xeno·

202 3589 331 3673 phontis
354 3589 495 3673 dialogos
519 3588 695 3654 Socraticos
720 3609 786 3653 uno
809 3609 939 3673 corpore
962 3590 1060 3655 lectos
1083 3589 1233 3653 voluit?’'
1255 3590 1324 3654 Aut

201 3722 269 3768 rem
304 3704 350 3767 sic
383 3701 448 3766 fere
482 3703 642 3786 explicare
675 3702 799 3767 licebit:
830 3700 1022 3786 Xenophon,
1054 3707 1225 3786 postquam
1257 3703 1321 3765 iarn

202 3816 376 3879 nonnullos
399 3816 541 3899 dialogos
565 3814 743 3879 Socraticos
767 3817 800 3879 in
825 3816 928 3880 lucem
949 3815 1098 3898 ediderat,
1119 3815 1237 3898 quibus
1257 3835 1323 3879 ma-

200 3930 293 4012 gistri
324 3930 374 3992 sui
397 3930 582 3992 memoriam
605 3933 781 4011 renovaret,
805 3927 1007 3993 Oeconomici
1032 3947 1162 4012 quoque
1186 3934 1216 3992 et
1241 3927 1322 3992 Con-

200 4045 281 4107 vivii
302 4043 510 4126 prooemium,
533 4062 728 4126 quamquam
754 4043 869 4106 horum
892 4041 1047 4105 librorum
1072 4047 1223 4106 neutrum
1246 4061 1321 4105 cum

203 4160 349 4169 ——-

233 4213 260 4279 1)
284 4218 363 4278 atque
379 4214 447 4264 hano
464 4213 568 4278 quidem
588 4212 720 4264 Schenklii
739 4213 894 4264 sententiam
912 4213 983 4263 haud
1000 4215 1083 4278 pauci,
1101 4219 1131 4264 ut
1147 4213 1245 4278 opinor,
1263 4228 1322 4278 pro-

200 4306 307 4356 babunt.
325 4305 388 4356 Vide
404 4305 513 4355 huiusce
529 4304 589 4354 libri
606 4305 695 4369 capitis
713 4305 734 4355 V
753 4305 847 4356 ultima
864 4305 951 4356 verba,

1191 4395 1224 4444 lc
