3354 5268
774 657 814 721 67

234 847 317 910 male
340 846 451 910 sedulo
468 846 579 911 lectori
598 847 662 911 sint
680 846 858 911 tribuenda.
877 845 935 911 Sin
956 866 1031 913 vero
1052 844 1176 926 θυομένῳ
1187 849 1354 933 receperis

235 961 360 1043 egregie
382 961 501 1043 poteris
525 979 743 1044 compararare
766 962 988 1044 narrationem,
1013 966 1162 1044 quaeest
1182 960 1255 1043 VH,
1275 963 1305 1044 8,
1326 963 1356 1043 3,

237 1072 408 1136 dummodo
444 1093 500 1156 pro
534 1070 596 1135 ἔθυε
625 1073 665 1152 τῷ
694 1071 861 1138 Ἀπόλλωνι
892 1074 978 1158 legas
999 1071 1093 1137 ἐθύετο
1115 1074 1155 1148 τῷ
1179 1074 1354 1146 Ἀπόλλωνι,

237 1187 323 1269 quod
345 1192 376 1250 et
397 1207 454 1271 per
478 1206 512 1250 se
535 1187 697 1271 probabile
721 1192 777 1269 est,
801 1189 882 1251 etin
903 1187 1011 1251 codice
1032 1188 1355 1271 quodaminvenitur.

235 1299 318 1362 Nam
341 1305 373 1364 et
394 1299 440 1363 ibi
464 1299 668 1384 Xenophonti
694 1301 777 1382 duci,
801 1320 866 1364 rem
889 1301 1028 1364 divinam
1049 1301 1186 1382 facienti,
1205 1301 1355 1366 Euclides

236 1415 396 1498 haruspex
426 1414 537 1496 adstat,
570 1433 711 1498 suaeque
741 1415 929 1498 prudentiae
945 1409 1157 1498 'praeclarum
1181 1415 1234 1478 dat
1258 1415 1355 1479 docu-

237 1531 389 1590 mentum.

280 1639 369 1703 VIII.
405 1641 433 1703 6.
466 1640 506 1703 ln
538 1642 777 1706 enumeratione
808 1642 1053 1725 copiarum...
1086 1645 1174 1720 Κύρος
1206 1639 1237 1703 δὲ
1256 1638 1309 1703 καὶ
1332 1639 1357 1704 οἱ

237 1753 328 1826 ἱππῆς
360 1750 461 1817 τούτου
485 1749 548 1817 ύσον
571 1750 720 1827 ἑξακόσιοι.
745 1753 831 1818 Num
855 1773 1031 1838 pronomen
1054 1751 1156 1818 τούτου
1177 1755 1354 1838 genuinum

241 1868 291 1947 sit,
313 1865 495 1930 subdubito

280 1978 370 2042 VIII.
383 1981 411 2042 9.
430 1978 540 2051 ποὶντες
561 1980 592 2043 δὲ
611 1974 684 2043 οὖτοι
704 1979 788 2043 κατ’
810 1976 895 2053 ἔύνν
915 1981 944 2044 ἐν
956 1979 1081 2060 πλαισύιρ
1094 1978 1194 2060 πλήρει
1206 1980 1357 2061 οὶνύρύπων

235 2089 403 2156 ἕκαστον
427 2093 473 2157 τύ
492 2091 596 2164 ’ύνος
618 2091 830 2172 ἐπορεύετο.
854 2077 933 2170 Quis
954 2095 1060 2159 credat
1072 2094 1247 2178 elegantem
1260 2096 1357 2179 scrip·

236 2210 336 2270 torem
369 2208 415 2270 sio
445 2206 625 2270 balbutire?
656 2205 761 2270 Locus
783 2209 924 2290 graviter
946 2208 1156 2291 interpolatus
1179 2211 1235 2289 est,
1260 2209 1357 2271 etita

236 2319 302 2382 fere
332 2307 566 2384 emendandus:
590 2317 701 2384 πύντεο
725 2318 756 2382 δὲ
780 2313 852 2382 οὗτοι
876 2319 944 2383 κατ’
968 2315 1030 2392 ἔύνν
1055 2320 1084 2383 ἐν
1107 2318 1233 2399 πλαισίῳ
1256 2319 1356 2399 πλύρει

236 2431 386 2512 οὶνύρύπαν
410 2431 580 2513 ἐπορεύοντο.

281 2547 369 2610 VIII.
402 2548 451 2611 10.
483 2546 645 2612 (lurruum
682 2547 868 2611 falcatorum
898 2548 1067 2631 descriptio
1091 2547 1226 2610 duarum
1250 2547 1356 2610 litera-

238 2681 308 2724 rum
333 2662 454 2725 auxilio
479 2662 578 2725 multo
598 2663 700 2745 magis
720 2663 886 2744 perspicua
905 2661 994 2724 reddi
1014 2664 1134 2744 potest:
1147 2661 1354 2725 inserendum

237 2776 322 2839 enim
358 2781 405 2839 est
434 2797 469 2837 τε
497 2776 581 2838 inter
611 2774 643 2837 ἐκ
674 2778 705 2838 et
735 2777 791 2837 τῶν
814 2769 933 2846 οὶξύναν,
958 2779 994 2836 ut
1016 2774 1093 2837 haec
1117 2775 1158 2838 sit
1182 2775 1355 2837 sententia:

238 2880 317 2966 εἶχον
340 2887 371 2951 δὲ
394 2887 434 2951 τα
457 2885 588 2968 δρέπανα
611 2884 644 2951 ἔκ
667 2911 700 2950 τε
721 2891 778 2950 τῶν
797 2883 904 2959 οὶξύνων
923 2884 1137 2962 ἀποτεταμένα
1155 2889 1208 2949 καὶ
1229 2885 1283 2948 ύπο
1294 2892 1356 2956 τοῖς

237 2999 345 3080 δίφροις
368 3000 407 3072 εἰς
430 3006 487 3078 γῆν
512 2998 674 3078 βλέποντα.
701 2998 775 3063 Duo
798 3001 882 3064 enim
907 2999 1036 3063 falcium
1060 3019 1178 3083 genera
1200 3004 1313 3063 erant.-

282 3115 370 3198 VIII,
407 3117 456 3178 13.
491 3115 564 3179 Non
596 3135 660 3178 uno
691 3117 769 3178 vitio
801 3115 852 3178 hio
875 3114 964 3178 locus
988 3113 1118 3197 laborat,
1142 3133 1281 3197 quorum
1305 3112 1355 3176 vel

238 3231 415 3293 maximum
438 3229 498 3292 hoc
522 3233 578 3311 est,
603 3229 689 3312 quod
711 3230 818 3312 inepte
838 3229 966 3292 additur
984 3226 1055 3290 ἀλλ’
1076 3224 1163 3303 ὅμως.
1185 3227 1355 3292 Nonenim

239 3362 485 3426 quamquam
511 3342 566 3405 sed
588 3342 686 3425 quia
705 3341 881 3425 periculum
903 3346 978 3423 erat,
990 3360 1031 3405 ne
1044 3340 1236 3404 Graecorum
1248 3343 1356 3424 copiae

238 3475 257 3519 a
290 3454 431 3519 barbaris
469 3457 723 3537 circumirentur,
754 3455 922 3519 dexterum
953 3474 1053 3518 cornu
1084 3455 1200 3518 nudari
1230 3453 1372 3518 nolebat

238 3567 417 3633 Clearchus.
451 3568 519 3633 Nec
552 3574 659 3632 tamen
695 3568 812 3633 sufficit
840 3569 910 3631 ἀλλ’
946 3566 1024 3645 ὅμως
1055 3569 1168 3651 delere,
1191 3589 1265 3632 nam
1289 3587 1354 3632 non

238 3683 309 3747 ideo
340 3682 509 3748 Clearchus
537 3684 643 3768 copias
666 3703 683 3746 a
707 3682 840 3747 flumine
865 3683 1023 3748 abducere
1046 3683 1157 3765 noluit,
1182 3682 1268 3766 quod
1291 3701 1356 3747 me·

238 3793 321 3861 diam
344 3796 441 3882 Regis
464 3803 620 3861 catervam
645 3797 826 3878 videret,
846 3796 901 3860 sed
922 3796 1008 3880 quod
1027 3795 1245 3879 cognoscebat,
1258 3815 1354 3878 quam

236 3910 298 3974 late
322 3910 527 3975 barbarorum
551 3913 634 3974 acies
657 3916 741 3975 esset
763 3914 924 3994 porrecta:
945 3909 1043 3992 idque
1062 3915 1093 3973 et
1112 3929 1131 3972 a
1150 3908 1232 3990 Cyro
1245 3909 1355 3972 audire

238 4030 269 4087 et
289 4025 358 4108 ipse
379 4024 485 4088 videre
504 4029 632 4107 poterat.
652 4022 838 4107 Legendum
860 4042 935 4106 ergo
947 4026 1039 4106 puto:
1054 4020 1118 4100 σ’ρῶν
1130 4019 1357 4101 δὲὸΚλέαρχοο

236 4134 288 4199 καὶ
323 4134 431 4199 ιἰκούων
465 4134 562 4216 Κύρου,
598 4132 651 4209 ἔξω
685 4133 755 4199 ύντα
787 4139 838 4198 τοῦ
873 4132 1019 4210 εὐωνύμου
1042 4132 1174 4210 βασιλέα
1201 4133 1355 4218 (τοσοῦτον

236 4248 293 4330 γὰρ
314 4287 355 4296 -
368 4245 421 4324 ἔξω
434 4243 483 4322 dv:
496 4251 531 4313 in
543 4250 592 4314 his
605 4251 690 4313 enim
703 4248 810 4312 verbis
823 4247 903 4311 nihil
915 4247 1108 4311 mutandum
1120 4248 1178 4328 est)
1190 4246 1241 4310 οὐκ
1253 4243 1353 4320 ἤθελεν

237 4361 412 4428 οὶποσπύσαι
446 4363 505 4428 aab
533 4366 585 4427 τοῦ
615 4366 753 4440 ποταμοῦ
785 4362 818 4426 τὸ
851 4356 940 4435 δεξιὸν
963 4358 1056 4442 κέρας.
1081 4359 1188 4424 Verba
1210 4358 1244 4422 τὸ
1266 4356 1355 4437 μέσον
