3352 5260
865 633 928 694 176

334 815 421 897 quod
461 820 583 878 ceterae
625 816 686 877 viri
724 817 859 879 orationi
897 817 1037 880 maxime
1072 819 1244 882 convenire
1278 819 1450 884 videretur.

374 926 416 989 ΙΙ.
450 926 548 991 Totus
579 925 782 990 Oeconomici
812 927 893 992 liber
924 928 1054 992 dimidia
1076 935 1166 1012 parte
1190 929 1450 995 Memorabilium

332 1059 399 1102 non
433 1047 481 1103 est
514 1040 649 1122 brevior,
682 1040 780 1123 idque
811 1059 922 1105 eorum
954 1040 1222 1126 Memorabilium,
1253 1062 1337 1126 quae
1367 1064 1456 1108 nuno

332 1153 496 1236 habemus,
529 1155 618 1217 omni
652 1153 940 1218 additamentorum
975 1174 1092 1238 genere
1126 1161 1219 1220 aucta
1253 1162 1284 1221 et
1320 1157 1455 1241 amplifi·

331 1272 413 1347 cata3
450 1267 517 1330 sola
551 1268 690 1330 narratio
725 1267 764 1332 de
797 1267 1004 1332 Ischomache
1042 1260 1147 1333 illum
1169 1271 1358 1354 paginarum
1395 1272 1456 1334 im-

332 1381 397 1464 plet
425 1400 607 1463 numerum,
637 1382 694 1464 qui
724 1383 851 1445 tertiam
884 1381 1140 1447 Memorabilium
1157 1388 1293 1466 partem
1321 1385 1457 1449 excedit.

332 1493 401 1557 Iam
424 1513 522 1577 supra
545 1493 696 1575 vidimus,
715 1494 767 1558 vel
787 1513 824 1557 eo
843 1496 973 1559 nomine
992 1495 1142 1560 credibile
1162 1515 1227 1560 non
1247 1496 1457 1579 esse,Memo-

332 1607 445 1671 rabilia
479 1607 519 1671 ad
553 1612 676 1671 certum
708 1607 869 1690 quendam
900 1609 1062 1672 hominem
1091 1609 1296 1674 refutandum
1320 1611 1457 1695 eiusque

334 1722 510 1785 calumnias
533 1721 723 1785 refellendas
748 1723 865 1805 scripta
887 1722 1036 1805 editaque
1059 1742 1136 1800 esse,
1163 1724 1248 1806 quod
1267 1723 1456 1808 liberquar-

333 1839 386 1898 tus
415 1834 481 1899 fere
511 1839 597 1898 totus
622 1839 783 1898 constaret
808 1854 849 1899 ex
872 1835 1039 1918 colloquiis
1063 1855 1136 1900 cum
1161 1856 1225 1900 uno
1249 1836 1453 1918 Euthydemo

333 1948 466 2012 habitis:
493 1950 527 2011 in
550 1947 631 2011 libro
655 1950 739 2012 enim
763 1953 828 2012 tam
852 1954 936 2013 certo
961 1951 1093 2014 consilio
1118 1952 1233 2033 scripto
1257 1970 1355 2034 grave
1373 1951 1455 2014 illud

333 2062 435 2125 videri
466 2060 581 2126 debere
612 2080 718 2145 neque
738 2062 904 2127 ferendum
929 2062 1145 2147 dispositionis
1169 2065 1292 2128 vitium.
1315 2063 1455 2129 Demon-

333 2181 432 2240 strare
456 2175 570 2239 deinde
593 2177 697 2239 conati
722 2195 845 2258 sumus,
868 2195 933 2239 non
958 2177 1018 2240 hoc
1041 2177 1103 2241 sibi
1122 2179 1326 2262 proposuisse
1344 2176 1455 2244 Xeno·

332 2289 494 2372 phontem,
513 2308 613 2371 quum
634 2287 851 2352 Memorabilia
871 2288 1031 2370 scriberet,
1051 2290 1106 2354 sed
1124 2290 1283 2374 colloquia
1295 2291 1454 2375 quaedam

332 2405 388 2463 aut
409 2399 491 2483 ficta,
514 2405 570 2464 aut
587 2419 698 2464 revera
717 2420 736 2463 a
755 2399 883 2464 Socrate
902 2401 1010 2465 habita
1029 2402 1128 2466 literis
1147 2404 1326 2487 mandasse,
1352 2423 1453 2487 eaque

332 2514 377 2577 ita
404 2513 569 2597 collegisse
601 2518 632 2578 et
663 2513 835 2595 ordinasse,
862 2519 899 2578 ut
921 2533 978 2598 pro
1002 2521 1191 2598 argumento
1216 2536 1312 2581 suum
1335 2519 1455 2601 cuique

332 2626 438 2690 locum
473 2627 659 2710 assignaret,
694 2631 725 2691 et
756 2647 950 2710 quamquam
983 2629 1139 2692 nonnulla
1162 2649 1272 2693 eorum
1295 2630 1370 2695 sede
1393 2649 1453 2694 sua

331 2745 419 2804 mota
452 2742 525 2822 sint,
560 2745 666 2804 tamen
696 2739 789 2805 facile
817 2742 1001 2805 etiamnunc
1023 2744 1151 2826 pristini
1175 2745 1295 2808 ordinis
1318 2745 1452 2829 agnosci

332 2855 474 2938 vestigia.
509 2852 590 2929 Quis
620 2859 726 2918 autern
755 2874 899 2938 unquam
931 2856 981 2919 vel
1005 2858 1131 2940 scripsit
1153 2858 1205 2922 vel
1228 2858 1305 2942 legit
1325 2859 1454 2934 librum,

333 2988 397 3052 quo
426 2970 461 3031 in
492 2988 596 3032 unum
621 2969 848 3052 colligerentur
874 2969 923 3034 vel
947 2971 1053 3054 potius
1077 2976 1196 3035 temere
1218 2973 1454 3037 conficerentur

332 3086 363 3145 et
392 3081 551 3165 permulta
575 3083 614 3145 de
639 3083 736 3146 variis
760 3084 956 3166 argumentis
981 3083 1090 3148 brevia
1112 3085 1272 3169 colloquia
1296 3091 1328 3149 et
1351 3106 1453 3151 unum

332 3200 509 3259 ceterorum
542 3197 686 3258 omnium
717 3196 849 3260 dimidia
879 3202 968 3280 parte
990 3198 1127 3282 longiuS,
1149 3200 1184 3261 in
1207 3219 1272 3282 qua
1293 3219 1358 3263 non
1382 3201 1454 3283 qui-

321 3308 403 3388 ‚dem
436 3309 475 3374 de
505 3328 570 3372 una
598 3313 724 3372 tantum
746 3329 781 3374 re
804 3315 957 3394 ageretur,
982 3311 1068 3394 quod
1092 3317 1199 3376 tamen
1223 3331 1280 3395 per
1304 3331 1338 3377 se
1361 3312 1452 3377 abso-

331 3422 437 3485 lutum
468 3426 551 3486 esset
582 3426 613 3485 et
644 3422 829 3505 perfectum,
852 3428 884 3487 et
906 3443 979 3487 cum
1003 3424 1094 3488 nullo
1117 3424 1302 3489 breviorum
1324 3425 1453 3489 illorum

331 3534 383 3598 vel
418 3535 599 3599 cohaereret
632 3536 684 3599 vel
718 3541 789 3618 apte
819 3537 912 3619 iungi
942 3537 1073 3620 posset?
1104 3535 1188 3600 Nam
1219 3539 1322 3621 siquis
1354 3543 1454 3621 rogat,

332 3647 409 3730 quid
443 3647 570 3711 tandem
606 3649 648 3712 sit
681 3647 885 3713 Oeconomici
914 3648 1141 3733 Xenophontei
1170 3655 1396 3733 argumentum
1421 3656 1453 3714 ct

331 3761 511 3842 consilium,
553 3760 690 3827 breviter
730 3763 921 3845 respondere
953 3765 998 3826 ita
1030 3782 1218 3846 possumus:
1254 3763 1453 3828 Ischomachi

331 3874 477 3958 exemplo
502 3873 685 3958 Xenophon
707 3875 806 3956 docet,
829 3877 859 3939 ei
878 3877 935 3959 qui
957 3895 1025 3940 rem
1049 3896 1141 3940 suam
1160 3876 1349 3941 familiarem
1370 3877 1452 3942 bene

330 3985 551 4051 administrare
586 3992 617 4052 et
651 3987 741 4052 dives
771 3988 840 4052 fieri
869 3990 954 4072 velit,
985 3989 1111 4054 duabus
1142 3989 1239 4055 rebus
1263 4010 1344 4074 opus
1371 4009 1449 4074 esse,

330 4121 468 4184 quarum
501 4101 599 4165 altera
627 4101 777 4166 facillime
807 4104 999 4186 acquiratur,
1031 4105 1150 4187 quippe
1176 4123 1259 4187 quae
1283 4105 1325 4168 sit
1348 4106 1452 4188 posita

329 4213 358 4277 ἐν
391 4212 482 4293 μέσῳ,
516 4214 556 4294 τῷ
586 4213 753 4292 βουλομένῳ
784 4212 962 4291 tapetam,
995 4217 1094 4281 altera
1125 4217 1173 4280 illi
1196 4223 1322 4281 tantum
1348 4219 1451 4302 possit

330 4329 521 4412 contingere,
556 4329 612 4410 qui
635 4330 749 4392 ceteris
773 4328 956 4392 hominibus
980 4335 1125 4413 praestet.
1152 4328 1214 4406 oui
1238 4332 1324 4396 enim
1346 4330 1452 4396 bonus
