3330 5262
860 643 923 707 362

331 831 485 916 Abydum
512 834 667 917 mittatur,
691 853 903 918 quamquam,
926 833 984 916 qui
1006 829 1052 895 ibi
1075 835 1145 895 tum
1169 836 1245 914 erat,
1264 830 1452 914 Dercylidas

331 951 461 1011 strenue
489 945 740 1012 Atheniensibus
771 947 937 1012 restiterat.
971 944 1156 1009 Anaxibius
1186 946 1283 1028 enim,
1307 947 1335 1010 si
1357 965 1453 1030 pecu·

331 1059 418 1123 uiam
439 1078 605 1144 navesque
623 1062 804 1144 accepisset,
824 1057 1001 1136 πολεμήσειν
1022 1057 1194 1136 ὑπισχνεῖτο
1206 1064 1267 1130 τοῖς
1279 1057 1451 1132 Ἀθηναίοις,

332 1168 406 1235 όστε
436 1169 479 1248 μη
508 1168 587 1251 ἔχειν
619 1172 730 1244 ἐκείνοις
761 1175 860 1243 καλῶς
882 1169 923 1235 τόι
945 1171 975 1235 ἐν
999 1169 1220 1251 Ἑλλησπόντῳ.
1245 1171 1451 1236 Vocabulum

331 1283 374 1362 μη
410 1285 503 1350 solito
534 1287 611 1350 vitio
642 1290 756 1350 natum
787 1303 857 1349 esse
884 1283 978 1348 credo
1003 1303 1020 1348 e
1043 1283 1187 1368 longiore
1209 1281 1326 1360 μηκέτι.
1349 1283 1387 1348 Ιιι
1411 1287 1453 1350 iis

331 1401 429 1483 enim,
464 1419 546 1484 quae
580 1401 728 1484 proxime
759 1398 961 1483 praecedunt,
994 1403 1025 1462 et
1055 1398 1116 1461 hoo
1139 1398 1179 1462 ad
1201 1398 1451 1463 Atheniensium

329 1512 494 1577 fortunam
527 1512 778 1598 felicitatemque
810 1511 949 1576 relatum
984 1516 1033 1576 est
1062 1507 1146 1573 ότι..
1163 1556 1192 1573 ..
1223 1507 1275 1574 καὶ
1307 1510 1339 1574 αἱ
1360 1509 1453 1575 όιλλοιι

332 1622 562 1697 Ἑλλησπόντιαι
592 1629 691 1697 πόλεις
722 1623 811 1706 φίλου
842 1621 922 1696 όντος
945 1624 1045 1695 αὐτοῖς
1070 1621 1268 1704 Φαρναβάζου
1294 1617 1326 1687 εὖ
1348 1621 1450 1704 ἔχοιεν.

285 1805 287 1810 ,
375 1739 465 1823 VIII,
502 1741 552 1802 35.
587 1739 754 1803 Adversus
787 1737 990 1803 Anaxibium
1022 1737 1157 1802 feliciter
1186 1738 1219 1800 in
1244 1737 1452 1823 Hellesponto

331 1871 399 1917 rem
424 1858 588 1937 gerentem
616 1853 830 1917 Athenienses
856 1853 988 1917 mittunt
1010 1851 1213 1936 iphicratem.
1237 1849 1301 1916 ἐπεὶ
1324 1851 1355 1916 δὲ
1377 1851 1452 1934 cipl-

331 1987 397 2029 κετο
431 1964 470 2037 είς
505 1963 682 2046 Χερρόνησον,
714 1965 747 2030 τό
779 1964 834 2042 μὲν
864 1967 973 2046 πρῶτον
1005 1960 1176 2042 Ἀναξίβιος
1206 1961 1259 2028 καί
1282 1963 1454 2046 Ἰφικροότης

331 2077 445 2158 ληστόις
469 2076 686 2155 διαπέμποντες
707 2075 868 2155 ἐπολέμουν
890 2077 1041 2150 οὶλληλοις,
1065 2074 1207 2157 προϊόντος
1230 2075 1261 2141 δὲ
1279 2081 1331 2142 τοῦ
1350 2075 1454 2157 χρόνον

331 2191 344 2256 ό
364 2190 533 2272 Ἰφιιιροὶτης
552 2191 719 2269 αἰσθόμενος
737 2189 787 2255 καὶ
799 2186 969 2268 Ἀναξίβιον
987 2187 1136 2269 οίχόμενον
1147 2189 1186 2262 είς
1199 2186 1411 2271 Ἄντανδρον..
1424 2239 1432 2254 .
1446 2239 1454 2254 .

331 2304 395 2383 Qui
415 2304 505 2370 istud
526 2303 586 2378 καί,
611 2305 697 2389 quod
719 2309 792 2389 post
813 2302 980 2382 αἰσθόμενος
1003 2304 1145 2387 positum
1165 2308 1222 2387 est,
1242 2302 1391 2387 defendit,
1403 2305 1453 2368 illi

332 2419 405 2483 licet
439 2416 561 2502 ubique
595 2436 667 2482 eam
697 2417 888 2502 portloulam
920 2417 1069 2480 inserere.
1101 2414 1186 2480 Sunt
1216 2418 1303 2480 enim
1328 2418 1454 2501 quiite

332 2533 508 2616 explicent:
536 2551 667 2615 „quum
691 2536 859 2616 cognosset
880 2528 1083 2594 Anaxibium
1102 2549 1223 2612 quoque
1242 2530 1360 2614 Abydo
1380 2552 1454 2616 pro·

332 2646 454 2711 fectum
479 2664 558 2729 esee,
581 2651 612 2710 et
633 2646 703 2729 ipse
725 2645 971 2730 Hellespontum
996 2643 1156 2729 reliquit''
1179 2645 1225 2709 At
1247 2664 1353 2730 neque
1375 2645 1455 2710 Hel-

331 2761 515 2844 lespontum
538 2759 692 2843 relinquit
713 2758 897 2842 Iphicrates,
917 2759 1017 2842 copiis
1036 2759 1123 2822 enim
1145 2759 1301 2823 traductis
1319 2759 1454 2825 insidias

331 2893 429 2960 prope
462 2872 616 2955 Abydum
652 2873 795 2956 collocat,
828 2879 859 2938 et
893 2875 921 2937 si
955 2873 1140 2957 reliquisset
1173 2873 1208 2936 ιἰο
1241 2873 1368 2952 epodost
1402 2873 1457 2937 καί

331 2986 518 3072 ponendum
542 2991 624 3051 erat:
650 2987 696 3050 sic
715 2985 781 3050 fere
793 3035 800 3049 .
813 3035 820 3049 .
832 3033 860 3048 ..
880 2983 932 3049 nal
952 2984 1039 3057 αὐτὸς
1059 2985 1181 3058 driade.
1203 2984 1358 3070 Cognovit
1377 3006 1453 3070 ergo

330 3099 505 3184 Iphicrates
527 3097 729 3162 Anaxibium
749 3098 956 3163 Antandrum
977 3116 1047 3163 esse
1067 3098 1245 3183 profectum
1267 3118 1344 3163 cum
1358 3098 1454 3184 Spar·

332 3215 426 3296 tanis,
446 3232 529 3298 quos
551 3231 661 3277 secum
683 3211 828 3294 duxerat,
846 3217 877 3276 et
889 3211 1055 3276 nonnulIIs
1066 3210 1300 3293 Abydenorum
1314 3212 1454 3296 hoplitis

333 3327 512 3409 certiorque
542 3325 646 3389 factus
678 3343 753 3389 eum
785 3323 990 3408 Antandrum
1021 3325 1053 3387 in
1079 3327 1262 3389 societatem
1289 3331 1320 3390 et
1342 3327 1454 3389 amici-

332 3440 409 3502 tiam
434 3440 603 3522 accepisse,
627 3435 749 3500 ὑπονοῶν
770 3432 812 3501 ότι
832 3436 1028 3510 καταστήσας
1047 3430 1087 3500 αὖ
1105 3435 1157 3509 την
1177 3438 1237 3502 ἐκεῖ
1253 3436 1395 3518 φρουροίν.

332 3553 499 3617 Articulus
529 3552 580 3615 hic
610 3552 725 3615 vitiose
756 3552 894 3635 ponitur.
925 3550 1094 3615 Nihildum
1121 3552 1206 3616 enim
1233 3551 1271 3616 de
1294 3552 1453 3636 praesidio

332 3666 492 3730 Antandri
515 3665 709 3748 audIvimus,
732 3670 764 3729 et
785 3667 872 3749 ipsos
896 3664 1077 3748 Spartanos,
1097 3683 1178 3748 quos
1197 3683 1308 3729 secum
1329 3665 1454 3729 Anaxi-

333 3781 407 3844 bius
432 3780 576 3860 duxerat,
598 3777 643 3841 ibi
665 3779 699 3841 in
721 3777 879 3862 praesidio
903 3777 1094 3841 collocatum
1118 3779 1159 3840 iri
1182 3775 1357 3861 Iphicrates
1380 3797 1453 3842 sus-

331 3897 464 3978 picatur,
495 3891 772 3976 quemadmodum
806 3897 935 3974 apparet
957 3909 975 3955 e
997 3890 1209 3974 sequentibus
1231 3889 1454 3971 ἀποπορεύσοιτο

332 4005 422 4071 πόλιν
452 4003 503 4070 καὶ
534 4001 644 4074 οὶποίέοι
674 4003 741 4076 τοὺς
772 4003 954 4080 Ἀβυδηνοὺς
981 4002 1087 4070 οἴκαδε.
1112 4003 1196 4089 Lege
1219 4025 1293 4089 crgo
1316 4001 1368 4068 nal
1392 4005 1458 4068 ἐκεῖ

332 4118 456 4202 φρουρόν
479 4141 536 4204 pro
561 4117 614 4191 την
635 4119 659 4182 ε’.
672 4125 708 4196 Φ.
733 4118 821 4182 Haeo
845 4137 919 4202 ergo
944 4120 1126 4202 suspicatus
1145 4118 1318 4203 Iphicrates
1341 4117 1453 4196 διαβόις

325 4258 385 4308 της
408 4233 508 4306 νυκτός
532 4227 550 4314 ᾖ
573 4229 750 4314 ἐρημότατον
775 4225 807 4304 ἦν
829 4239 883 4305 τῆς
906 4229 1075 4308 Ἀβυδηνῆς
1098 4230 1150 4295 καὶ
1170 4232 1334 4296 ἐπανελόόιν
1353 4231 1393 4303 εἰς
1410 4231 1454 4296 τόι

334 4343 380 4428 όρη
404 4344 516 4427 ἐνέδραν
539 4345 703 4419 ἐποιήσατο.
730 4344 803 4410 Non
826 4345 861 4408 in
885 4350 1010 4410 montes
1029 4345 1125 4410 rediit
1147 4345 1331 4431 Iphicrates,
1355 4347 1453 4411 modo
