3352 5260
723 621 786 684 153

150 883 152 886 Ι
202 805 252 865 tor
285 803 362 866 velit
395 807 460 867 tam
495 808 567 888 apte
602 809 633 869 et
666 805 832 890 elegantur
863 807 1069 891 significetur,
1100 815 1144 892 nt,
1177 813 1325 876 correctis

202 913 407 981 librariorum
428 916 598 1000 erroribus,
620 937 661 983 ne
681 919 817 984 verbum
837 920 967 1004 quidem
987 920 1178 1004 addendum,
1198 922 1326 988 demen-

203 1030 289 1113 dum,
320 1031 510 1096 mutandum
534 1050 672 1097 censeas.
697 1031 821 1098 Deinde
844 1038 875 1097 et
897 1034 957 1097 hoo
981 1033 1230 1118 observavimus,
1252 1037 1323 1121 plu-

202 1162 253 1208 res
284 1134 491 1228 paucibresve
520 1151 625 1229 partes
656 1139 786 1210 vinculo
818 1147 957 1230 quodam
984 1149 1068 1213 inter
1091 1168 1125 1213 so
1148 1150 1325 1228 cohaerere,

204 1259 444 1342 certissimaque
477 1260 661 1323 etiamnunc
694 1265 820 1324 exstare
853 1261 980 1344 indicia,
1016 1262 1135 1346 quibus
1167 1271 1323 1349 appareat,

204 1373 388 1456 scriptorem
412 1391 456 1443 ea,
479 1391 562 1456 quae
587 1373 730 1436 eiusdem
750 1378 857 1438 essent
876 1377 1057 1458 argumenti
1076 1381 1133 1440 aut
1151 1377 1325 1462 collegisse,

204 1490 260 1551 aut
282 1487 393 1551 saltem
417 1486 566 1570 colligere
588 1487 737 1551 voluisse.

246 1598 361 1685 Neque
382 1605 488 1664 umen
508 1620 567 1666 nos
585 1600 677 1692 fugit,
697 1601 799 1665 multa
819 1602 853 1664 in
873 1601 1133 1668 Memorabilibus
1152 1624 1325 1689 assequare

204 1713 243 1777 ab
265 1715 305 1778 iis
326 1713 509 1796 virtutibus,
532 1733 613 1797 quas
635 1734 732 1799 supra
753 1716 1012 1780 enumeravimus
1032 1717 1219 1800 longissime
1238 1737 1324 1783 recc-

205 1827 289 1890 dant.
316 1826 467 1890 Vidimus
489 1829 574 1891 enim
597 1827 683 1916 haud
703 1847 822 1912 paucos
842 1847 952 1892 eorum
971 1829 1058 1894 locos
1076 1831 1214 1914 pessime
1232 1834 1326 1897 mise-

204 1959 304 2025 reque
338 1942 471 2025 scriptos
503 1959 581 2024 esse,
611 1941 908 2026 nonnullorumque
931 1942 1022 2006 illum
1045 1963 1116 2008 esse
1138 1963 1328 2029 sermonem,

205 2056 261 2140 qui
282 2075 420 2140 puerum
444 2055 562 2119 (lmese
584 2055 814 2120 balbutientem
839 2057 948 2120 deceat
967 2058 1077 2142 magis,
1099 2078 1197 2142 quam
1217 2061 1324 2124 virum

203 2171 238 2232 in
261 2169 429 2234 scribendo
451 2171 671 2234 exercitatum.
695 2169 791 2234 Haud
814 2189 886 2234 raro
908 2171 1090 2235 istiusmodi
1109 2173 1324 2256 interpolatio·

204 2282 301 2347 nibus
323 2282 424 2364 filum,
448 2303 512 2366 quo
535 2283 755 2367 praecedentia
779 2303 853 2347 cum
877 2283 1087 2366 sequentibus
1109 2285 1185 2348 olim
1210 2287 1322 2353 cohae-

204 2397 284 2460 sisse
314 2396 466 2462 credibile
498 2398 550 2480 sit,
578 2398 792 2481 interruptum
819 2415 889 2462 esse
910 2398 1138 2462 intelleximus.
1163 2398 1263 2484 Saepo
1285 2420 1323 2465 oa

204 2510 326 2575 Socrati
359 2510 459 2575 tribui
493 2511 792 2587 demonstravimus,
826 2530 914 2598 quae.
942 2511 982 2574 ad
1016 2513 1123 2576 virum
1158 2515 1322 2598 egregium

203 2623 427 2709 Xenophontis
458 2625 647 2710 aequalibus
678 2630 863 2710 suspectum
894 2625 1091 2690 reddendum
1123 2630 1226 2711 magis
1249 2634 1323 2712 apta

203 2743 319 2821 essent,
349 2759 446 2822 quam
476 2739 517 2802 ad
548 2759 622 2803 eum
654 2740 960 2820 commendandum,
991 2741 1094 2804 multo
1116 2744 1243 2825 saepius
1267 2745 1324 2807 ali·

204 2871 300 2936 quem
333 2851 440 2916 locum
475 2853 556 2917 nihil
590 2854 678 2918 aliud
712 2873 781 2918 osse
816 2856 1036 2938 cognovimus,
1067 2875 1164 2939 quam
1196 2856 1322 2922 aridum

202 2967 413 3049 ieiunumque
432 2970 618 3050 excerptum
639 2986 759 3049 eorum,
779 2985 862 3050 qnae
874 2967 1159 3052 alibilepidissimo
1171 2969 1322 3054 lectuque

202 3079 435 3151 iucundissimo
458 3080 618 3164 colloquio
641 3085 748 3146 essent
771 3081 993 3145 demonstrata.
1017 3081 1131 3166 Neque
1154 3101 1192 3146 oa
1211 3083 1322 3149 deesse

203 3193 296 3257 nobis
325 3195 480 3277 apparuit,
511 3213 594 3277 quae
620 3193 753 3258 advorsa
776 3193 880 3258 fronte
903 3213 977 3258 oum
1002 3195 1072 3260 aliis
1097 3195 1323 3281 Xenophontis

203 3307 281 3372 locis
304 3311 493 3391 pugnarent.

247 3419 390 3485 Resoctis
421 3440 496 3506 ergo
527 3426 559 3485 et
587 3423 721 3504 reiectis
752 3441 835 3504 quae
863 3423 1081 3506 interpolatori
1113 3423 1221 3488 deberi
1243 3426 1323 3488 mihi

204 3538 336 3616 constat,
371 3535 449 3619 quid
484 3534 522 3598 de
552 3534 810 3599 Memorabilium
841 3537 974 3600 consilio
1005 3536 1144 3621 fatisque
1174 3557 1322 3602 censeam

202 3645 391 3713 brevissimo
413 3647 557 3712 narrabo.
1000 3650 1007 3658 '

247 3759 405 3825 Refutatis
439 3762 635 3845 criminibuS,
670 3783 752 3847 quae
785 3768 817 3827 ot
851 3764 891 3827 ab
925 3765 996 3829 aliis
1027 3769 1059 3829 et
1089 3767 1273 3850 nuperrime
1304 3787 1323 3830 a

203 3873 371 3956 Polycrate
394 3875 547 3939 adversus
570 3875 732 3941 Socratem
756 3882 862 3941 essent
883 3878 1013 3962 prolata,
1038 3879 1235 3943 dilectissimi
1255 3901 1321 3944 ma·

202 3989 294 4072 gistri
317 4007 385 4052 eam
408 3988 580 4052 lectoribus
603 4009 779 4074 proponere
800 3991 970 4074 imaginem
991 3997 1125 4057 conatus
1144 3999 1193 4058 est
1212 3993 1322 4058 Xeno-

202 4103 298 4187 phon,
329 4122 425 4186 quam
456 4101 592 4167 libenter
621 4103 879 4188 admirantesque
900 4107 1103 4171 intuerentur
1127 4113 1158 4171 et
1181 4113 1321 4172 contem-

202 4216 375 4301 plarentur.
406 4215 476 4280 Hoc
498 4222 605 4281 autem
629 4223 666 4281 ut
687 4217 791 4282 facore
812 4222 921 4301 posset
942 4219 1140 4302 lepidissima
1163 4221 1319 4304 quaedam

203 4332 273 4395 eius
300 4331 459 4414 colloquia
481 4330 624 4413 (fortasse
647 4335 678 4396 et
700 4332 973 4416 apophthegmata)
997 4334 1123 4418 collegit
1147 4334 1319 4418 ediditque,
