3354 5268
749 656 791 718 59

217 839 276 918 pto
304 837 417 904 ἔσεσθαι
448 840 525 917 μηδὲ
555 837 667 920 ἐφόδιον
698 839 793 904 luania
821 837 917 904 οἷκιὲδε
939 836 1061 911 alaudam,
1086 838 1109 902 εἰ
1132 837 1176 916 μὴ
1199 837 1334 902 aarum

216 955 265 1019 τὸν
294 950 381 1018 ἵππον
410 953 470 1018 art.
503 953 692 1018 Rectissime
721 955 765 1018 ita
797 954 983 1033 deteriores,
1015 953 1114 1016 oratio
1139 954 1225 1016 enim
1248 955 1334 1015 recta

218 1072 281 1133 est:
316 1068 368 1131 οὐκ
402 1064 484 1130 ἔστιιι
520 1064 631 1147 §debeor
666 1067 760 1130 lanata
796 1066 820 1129 εἰ
851 1067 893 1143 μὴ
925 1065 1125 1142 ἀποδώσομαι.
1151 1064 1212 1129 Sed
1237 1084 1335 1128 sensu

218 1203 346 1246 cassum
369 1188 416 1246 est
440 1179 554 1264 οἵεσθιιι,
579 1182 664 1265 quod
688 1201 744 1265 pro
768 1177 882 1243 ἔσεσθιιι
905 1179 1057 1264 praebent
1081 1180 1235 1243 meliores.

262 1296 397 1380 Egregie
427 1301 463 1359 ut
494 1297 607 1378 opinor
633 1295 710 1359 haec
733 1294 880 1378 exempla
903 1294 1026 1376 docent,
1049 1313 1161 1377 parum
1186 1291 1334 1356 fidelibus

218 1409 404 1473 custodibus
438 1407 603 1472 Anabasin
638 1408 714 1471 olim
745 1407 844 1470 fuisse
876 1409 1087 1488 commissam,
1111 1405 1228 1490 quibus
1258 1406 1335 1468 satis

218 1543 285 1586 000
307 1528 400 1602 00001,
423 1541 489 1586 rem
514 1522 687 1605 depositam
711 1523 850 1605 graviter
874 1521 1040 1604 negligere,
1063 1521 1126 1583 nisi
1147 1521 1241 1583 etiam
1260 1539 1335 1582 cou-

219 1637 303 1701 00110
329 1636 481 1699 damnum
505 1637 534 1699 ei
557 1635 717 1715 inferrent,
742 1634 781 1697 ab
806 1653 907 1718 eaque
929 1635 1024 1718 culpa
1047 1653 1087 1698 nc
1110 1634 1182 1696 illos
1206 1633 1334 1716 quidem

219 1751 319 1814 fuisse
341 1768 469 1829 vacuos,
493 1750 549 1832 qui
570 1769 656 1811 nunc
676 1749 789 1812 ceteris
808 1749 1052 1831 praestantiores
1065 1747 1162 1830 vulgo
1174 1751 1334 1829 putentur.

219 1865 376 1928 Videmus
400 1865 483 1927 euim
506 1865 539 1926 in
563 1862 727 1927 Anabasin
750 1880 815 1926 non
839 1862 942 1926 solum
965 1861 1122 1925 eiusmodi
1141 1861 1219 1924 vitia
1239 1861 1336 1942 irrep·

221 1980 309 2060 sisse,
333 1996 415 2062 quae
439 1976 587 2040 omnibus
610 1976 700 2040 libris
724 1977 958 2059 manuscriptis,
978 1977 1105 2058 optimis
1124 1975 1336 2058 pessimisque

221 2095 285 2157 sint
315 2093 506 2173 communia,
530 2110 677 2174 quaeque
699 2091 733 2152 in
757 2089 925 2154 scribendo
949 2108 1042 2153 nemo
1065 2109 1195 2172 prorsus
1220 2089 1337 2151 evitare

221 2206 335 2289 possit:
361 2205 415 2268 illa
438 2206 516 2268 vitia
538 2203 608 2267 dico
633 2223 715 2287 qnae
733 2205 834 2266 invito
855 2205 1008 2286 scriptore
1028 2207 1212 2284 nascuntur,
1231 2205 1337 2264 mente

224 2319 365 2383 oculisve
395 2319 558 2403 paulisper
588 2316 817 2399 aberrantibus,
841 2317 985 2381 sedeam
1011 2315 1110 2380 fuisse
1133 2315 1335 2380 librariorum

221 2435 564 2518 grammaticornmque
597 2433 766 2515 licentiam,
800 2436 839 2495 111
869 2432 908 2495 de
939 2431 1098 2496 industria
1121 2431 1244 2494 sincera
1267 2449 1335 2493 cor-

221 2552 413 2630 rumperent,
436 2547 552 2610 vitioso
576 2548 627 2610 sui
650 2547 802 2629 temporis
823 2564 968 2609 sermone
987 2545 1130 2608 Atticum
1151 2544 1334 2626 scriptorem

221 2661 312 2744 loqui
334 2665 491 2744 cogerent,
515 2661 688 2744 elegantem
713 2659 901 2724 brevitatem
923 2659 1071 2723 futilibus
1095 2660 1163 2722 suis
1183 2661 1337 2741 interpre-

223 2774 371 2837 tamentis
394 2773 644 2857 pessumdarent.
667 2773 819 2836 Nostrum
845 2792 919 2856 ergo
943 2778 998 2854 001,
1021 2792 1096 2854 000,
1121 2771 1197 2855 qnid
1219 2772 1253 2833 in
1274 2789 1338 2834 me-

222 2887 365 2968 lioribus,
399 2887 476 2970 quid
509 2889 543 2949 in
574 2886 783 2950 deterioribus
814 2885 904 2949 libris
936 2886 1068 2970 legatur,
1093 2886 1194 2968 magis
1226 2902 1338 2948 curare

224 3001 394 3082 (deterrimi
425 3003 510 3064 enim
538 3000 684 3065 meliores
708 3002 762 3064 isti
785 3001 879 3082 suut),
903 3020 997 3083 quam
1024 3000 1102 3083 quid
1124 2997 1338 3081 Xenophonte

225 3115 366 3199 dignum,
391 3115 469 3198 qnid
491 3114 670 3198 indignum,
693 3115 771 3197 quid
795 3113 962 3197 eleganter,
987 3112 1064 3195 quid
1087 3113 1192 3195 inepte
1217 3111 1337 3174 dictum

224 3231 274 3311 sit,
310 3247 391 3312 quae
425 3227 487 3291 sibi
521 3233 644 3292 constet
679 3229 825 3308 narratio,
860 3245 942 3309 quae
977 3245 1085 3290 secum
1119 3227 1187 3309 ipsa
1219 3231 1338 3288 certare

224 3343 378 3406 videatur.
402 3341 519 3405 Nostro
544 3343 602 3405 hac
624 3343 657 3404 in
681 3360 716 3404 re
735 3340 883 3404 standum
905 3346 953 3403 est
972 3339 1100 3421 iudicio,
1113 3338 1338 3402 etaudendnm

226 3461 273 3520 est
296 3454 432 3538 aliquid:
459 3473 564 3537 neque
588 3473 778 3538 magnopere
802 3459 849 3517 001
871 3453 1056 3533 verendum,
1080 3453 1165 3536 quod
1191 3451 1339 3516 nonnulli

225 3574 346 3652 putant,
381 3586 422 3631 ne
455 3569 499 3632 ita
530 3569 724 3651 scriptorem,
756 3568 838 3632 male
867 3567 1073 3649 intellectum,
1097 3585 1338 3648 corrumpamus

225 3683 326 3765 magis
361 3701 468 3765 quam,
492 3681 705 3745 emendemus.
740 3680 823 3744 Nam
856 3681 936 3743 nihil
966 3681 1060 3743 eitius
1093 3679 1339 3763 deprehenditur

225 3797 490 3877 convincitnrque
514 3814 610 3877 quam
634 3814 731 3878 prava
754 3795 944 3872 coniectura,
968 3793 1047 3856 nihil
1070 3792 1194 3855 facilius
1217 3792 1340 3857 tollitur

226 3913 256 3972 et
278 3913 459 3972 removetur
483 3928 579 3991 quam
604 3908 723 3970 iniusta
747 3907 910 3989 dubitatio,
930 3911 961 3970 ot
980 3907 1065 3990 quod
1086 3907 1262 3970 maximum
1283 3917 1341 3988 ost,

226 4041 262 4086 ea
286 4027 411 4085 nostrae
440 4023 551 4086 aetatis
575 4027 623 4085 est
644 4021 787 4103 felicitas
811 4027 848 4084 ut
870 4022 1012 4104 egregios
1037 4019 1134 4084 duces
1158 4019 1341 4101 habeamus

227 4154 364 4219 quorum
386 4136 561 4218 praeceptis
581 4137 608 4199 si
627 4154 803 4218 pareamus,
824 4134 933 4198 nullus
946 4139 1050 4197 metus
1064 4140 1119 4214 001,
1131 4135 1215 4196 0010
1228 4152 1340 4217 graves

226 4242 404 4311 incidamus
428 4266 557 4311 errores.
577 4247 726 4311 Fidenter
745 4267 819 4331 ergo
839 4246 995 4329 indicabo,
1008 4248 1064 4329 qui
1082 4246 1145 4309 loci
1158 4247 1234 4309 mihi
1246 4248 1341 4310 etiam

226 4367 297 4446 post
332 4360 441 4426 (lobeti
475 4368 619 4445 quartam
654 4362 824 4426 editionem
856 4363 949 4446 (quae
979 4361 1028 4425 his
1060 4361 1138 4444 ipsis
1171 4359 1282 4426 diebus
1306 4361 1340 4423 in
