3330 5262
870 581 933 646 372

341 766 430 852 plum
461 765 547 850 petit.
577 763 651 828 Non
675 781 750 847 ergo
773 765 824 827 τοῦ
847 761 965 841 τείχους
988 762 1158 846 legendnm
1184 767 1241 846 est,
1265 763 1321 828 sed
1343 761 1463 842 τείχους

341 881 412 945 sine
435 878 576 943 articulo.
601 875 645 941 cf.
669 895 752 962 quae
775 877 845 940 dixi
868 876 908 940 ad
934 897 959 940 c.
981 876 1025 959 11,
1049 877 1101 941 39.

387 993 446 1075 ΠΙ,
477 995 506 1056 8.
535 990 690 1056 Nuntiata
721 990 811 1055 clade
841 989 881 1055 ab
915 989 1077 1073 Olynthiis
1101 995 1229 1075 accepta
1252 995 1283 1056 et
1304 990 1466 1056 Teleutiae

344 1111 446 1172 morte
476 1104 733 1170 Lacedaemoniis
760 1106 868 1168 visum
893 1103 995 1168 estod
1019 1101 1141 1183 φοοθλην
1164 1101 1317 1180 πεμπτέον
1340 1101 1467 1180 δύναμιν

344 1212 424 1291 εἶναι,
447 1215 523 1290 θτως
546 1214 580 1281 τό
602 1239 635 1280 τε
657 1214 796 1298 φρόνημα
818 1219 875 1279 τῶν
899 1213 1082 1289 νενικηκότων
1104 1215 1318 1294 κατασβεσθείη
1343 1213 1395 1280 καὶ
1421 1215 1465 1294 μὴ

344 1331 444 1412 μοέτην
475 1331 515 1396 τόν
543 1329 727 1408 πεποιημένα
757 1329 876 1406 γένοιτο.
907 1332 1092 1394 Admodum
1115 1330 1209 1415 friget
1232 1332 1319 1396 istud
1343 1353 1466 1403 τετοιη-

344 1445 432 1525 μένα.
458 1445 543 1522 Quid
567 1447 594 1510 si
617 1444 801 1529 Xenophon
825 1446 952 1529 scripsit
976 1443 1017 1508 τόν
1038 1442 1304 1525 τροτετονημέναῗ

388 1559 447 1642 ΠΙ,
484 1559 534 1622 13.
569 1558 781 1623 Phliasiorum
817 1557 939 1641 exules,
974 1556 1204 1642 Spartanorum
1237 1557 1400 1642 postulatu
1429 1559 1465 1621 in

344 1673 504 1737 civitatem
539 1671 665 1755 recepti,
699 1670 756 1735 ubi
789 1690 808 1734 a
836 1670 962 1734 civibus
994 1689 1059 1734 non
1081 1672 1254 1755 impetrant
1277 1689 1359 1755 quae
1384 1673 1466 1755 ipsis

344 1786 430 1849 iusta
453 1789 483 1850 et
506 1803 608 1868 aequa
627 1784 785 1868 videntur,
805 1783 951 1869 Spartam
970 1790 1184 1868 conquestum
1197 1785 1347 1848 veniunt:
1361 1785 1467 1848 multa

346 1918 421 1983 ergo
450 1900 491 1963 iis
521 1919 540 1962 a
569 1898 785 1963 Phliasiorum
808 1899 936 1962 civitate
960 1898 1083 1962 dicitur.
1107 1898 1228 1962 Eorum
1252 1917 1349 1962 causa
1371 1896 1467 1982 Spar-

347 2015 414 2078 tani
446 2013 596 2078 Phliasiis
631 2013 751 2078 bellum
786 2013 950 2077 indicunt:
986 2006 1019 2085 ἦν
1054 2010 1087 2076 δὲ
1119 2010 1182 2076 οὐδὲ
1217 2011 1257 2092 τῷ
1291 2009 1468 2092 Ἀχησιλοίῳ

347 2125 503 2207 οόχθομένῳ
529 2132 639 2191 ταῦτα·
664 2124 715 2190 καί
738 2124 795 2206 χοὶρ
818 2126 858 2205 τῷ
884 2124 939 2204 μέν
962 2123 1052 2206 πατρὶ
1076 2126 1169 2189 αὐτοῦ
1193 2123 1371 2204 Ἀρχιδοόμιρ
1394 2121 1467 2199 ξένοι

346 2235 421 2316 ἦσαν
451 2239 475 2305 οἱ
502 2237 566 2322 περὶ
598 2239 777 2317 Ποδθνεμον,
806 2237 855 2303 καὶ
876 2236 943 2302 τότε
966 2243 1022 2302 τῶν
1046 2237 1283 2311 κατεληλυθότων
1306 2232 1380 2311 ἦσαν
1403 2237 1465 2301 xri.

346 2355 435 2420 Haeo
457 2360 494 2419 ut
517 2355 624 2438 aliquo
647 2354 741 2417 modo
761 2353 958 2435 cohaereant,
978 2353 1091 2416 ultima
1110 2351 1207 2416 verba
1219 2354 1266 2416 sic
1279 2351 1466 2435 refingenda

348 2474 440 2535 eunt:
466 2463 489 2531 oi
511 2470 567 2530 τῶν
591 2464 657 2531 τότε
680 2463 917 2539 κατεληλυθότων
941 2459 1026 2539 ἦσαν.

390 2581 449 2666 III,
484 2583 534 2644 21.
568 2581 739 2665 Agesilaus
771 2580 958 2645 Phliuntem
989 2580 1102 2645 urbem
1134 2579 1300 2644 obsidione
1323 2579 1467 2643 clausam

346 2699 448 2759 tenet:
482 2695 610 2777 iamque
641 2694 784 2778 elapsum
813 2699 861 2758 est
883 2699 1018 2778 tempus
1041 2694 1074 2757 in
1100 2694 1186 2777 quod
1210 2698 1406 2757 commeatus
1432 2694 1468 2755 in

346 2810 426 2874 urbe
458 2828 527 2874 csse
557 2808 736 2873 dicebatur:
768 2812 901 2871 τοσοῦτον
924 2806 981 2887 γαρ
1004 2804 1161 2888 ε’χκροίτεια
1183 2807 1311 2888 χαστρδς
1335 2803 1466 2886 διαφέρει

348 2920 422 2986 ὥστε
451 2922 475 2986 οἱ
504 2919 635 2986 Φλιοέσιοι
660 2921 708 2986 τὸν
731 2918 838 2999 ἥμισυν
861 2918 1065 3002 φηφισοέμενοι
1089 2927 1166 2985 σῖτον
1188 2921 1273 2985 οὶλεῖν
1296 2918 1312 2994 ἢ
1337 2919 1464 3002 πρόσθεν,

347 3035 400 3103 καὶ
430 3041 573 3108 ποιοῦντες
603 3040 697 3109 τοῦτο,
725 3035 773 3100 τόν
803 3033 954 3099 δισλοόσιον
976 3039 1027 3099 τοῦ
1051 3033 1157 3108 εἰκότος
1178 3034 1279 3116 χρόνον
1302 3035 1465 3117 πολιορκού-

347 3174 426 3229 μενοι
450 3149 609 3232 διήρκεσαν.
634 3149 686 3214 καί
709 3149 811 3227 τόλμα
834 3149 865 3213 δὲ
887 3149 1035 3227 ἀτολμίας
1054 3147 1111 3214 ἔσθ’
1133 3146 1180 3213 ότε
1190 3153 1324 3213 τοσοῦτον
1336 3149 1467 3231 διαφέρει

347 3261 421 3328 ὥστε
451 3263 510 3328 κτὲ.
537 3262 622 3339 Quid
645 3265 686 3327 sit
708 3263 810 3340 τόλμα
832 3261 981 3340 οότολμίας
1002 3265 1138 3326 τοσοῦτον
1162 3260 1289 3343 διαφέρει
1312 3264 1467 3348 intellige,

348 3399 553 3463 quamquam,
577 3378 662 3462 quod
684 3379 748 3442 illis
772 3377 879 3442 verbis
903 3378 1039 3461 additur,
1059 3375 1117 3441 ἔσθ’
1138 3372 1373 3442 immolestum
1386 3380 1466 3442 mihi

348 3497 411 3557 est:
445 3512 512 3556 non
547 3493 632 3556 enim
666 3492 828 3556 interdum
863 3492 918 3555 sed
951 3509 1074 3574 sempor
1106 3496 1136 3555 et
1168 3489 1288 3574 ubique
1311 3491 1465 3556 fortitudo

345 3607 493 3691 ignaviae
515 3607 633 3669 mirum
658 3609 813 3688 quantum
837 3609 981 3689 praestat.
1001 3604 1063 3668 Sed
1082 3623 1214 3689 prorsus
1227 3623 1324 3668 sensu
1337 3624 1466 3670 cassum

346 3720 474 3784 videtur
496 3722 629 3784 τοσοῦτον
652 3717 807 3799 έχκροίτεια
829 3718 956 3798 γαστρὸς
979 3715 1124 3798 διαφέρεις
1146 3719 1317 3781 nonenim
1338 3723 1467 3802 propter

347 3851 485 3916 sequens
513 3836 645 3897 τοσοῦτον
668 3831 769 3910 τόλμα
792 3831 941 3908 οότολμίας
964 3829 1092 3911 διαφέρει
1116 3851 1153 3896 ca
1177 3831 1275 3896 verba
1299 3834 1345 3896 sic
1368 3833 1467 3897 inter-

347 3949 465 4031 pretari
486 3948 567 4032 licet,
591 3954 628 4012 ut
650 3946 777 4028 γαστρός
801 3949 841 4013 sit
864 3949 1027 4032 genitivus
1050 3947 1228 4012 obiectivus
1251 3946 1290 4011 ab
1309 3945 1467 4028 ε’χκροότεια

346 4061 499 4146 pendens,
521 4061 654 4126 verbum
678 4066 784 4126 antem
808 4058 936 4141 διαφέρει
960 4061 1105 4125 absolute
1129 4062 1170 4124 sit
1192 4062 1342 4145 positum.

389 4175 448 4260 111,
472 4177 523 4240 24.
546 4177 725 4262 Agesilaus,
749 4176 826 4240 dum
848 4174 1062 4240 Phliasiorum
1085 4175 1202 4259 legatio
1227 4174 1373 4259 Spartam
1392 4196 1468 4261 pro·

346 4289 508 4374 ficiscitur,
543 4295 665 4372 φυλακῇ
708 4287 750 4354 ἔτι
785 4288 955 4372 ἰσχυροτέρᾳ
988 4286 1005 4361 ἢ
1039 4287 1170 4370 πρότερον
1202 4287 1380 4370 ἐφύλαττεν,
1418 4286 1468 4355 ἵνα
