3354 5268
749 646 790 711 65

196 834 331 916 ἐἷςῇοαν
361 833 392 899 δὲ
415 833 484 916 παρ’
513 836 602 899 αὐτὸν
625 831 653 898 οἵ
670 859 704 898 τε
726 833 886 916 στρατηγοὶ
910 833 962 900 καὶ
984 838 1040 900 τῶν
1063 831 1161 900 ἄλλων
1185 831 1333 908 Ἑλλήνων

218 948 301 1022 τινὲς,
330 945 478 1022 ἀξιοῦντες
509 947 612 1012 εἰδέναι
638 947 669 1012 τί
689 947 790 1029 σφίσιν
814 944 907 1021 ἔσται,
929 946 980 1011 ἔδον
1003 947 1191 1029 κρατήσωσιν.
1216 949 1270 1012 An
1293 949 1334 1013 ad

218 1061 338 1144 Cyrum
368 1063 521 1144 redibunt,
553 1065 730 1127 utiterum
761 1063 894 1126 eandem
918 1082 984 1126 rem
1010 1063 1180 1126 audirent?
1207 1062 1270 1127 Sed
1292 1072 1336 1126 ne·

217 1177 277 1240 boc
311 1177 440 1259 quidem
471 1176 568 1240 verbo
600 1176 724 1256 εἷοῇοαν,
756 1197 821 1241 non
853 1177 960 1240 addito
985 1176 1143 1258 adverbio,
1168 1177 1262 1260 quale
1286 1180 1334 1240 est

217 1283 307 1362 αὖθις,
343 1290 514 1374 significari
555 1295 665 1375 potest.
707 1289 829 1354 Verum
861 1291 911 1354 fac
945 1290 1102 1354 eiusmodi
1139 1289 1332 1353 vocabulum

217 1405 381 1486 excidisse,
401 1408 532 1467 tantone
550 1403 755 1468 infirmiorem
777 1421 963 1468 censeamus
982 1403 1083 1467 fuisse
1103 1403 1222 1466 ducum
1235 1423 1333 1487 quam

217 1518 424 1602 lochagorum
457 1517 664 1580 memoriam?
695 1515 744 1580 De
775 1517 824 1580 his
855 1518 949 1600 enim,
973 1519 1029 1600 qui
1053 1521 1084 1581 et
1106 1518 1168 1600 ipsi
1193 1517 1233 1599 (v.
1258 1517 1276 1598 ᾗ
1302 1519 1333 1597 2)

217 1631 251 1694 in
276 1629 352 1712 Cyri
375 1631 508 1694 consilio
532 1630 671 1712 aderant,
691 1631 838 1694 hocloco
859 1631 977 1695 siletur.
999 1629 1197 1706 Quantocius
1210 1631 1334 1715 expelle

217 1739 295 1807 οἵτε
316 1742 483 1823 στρατηγοί,
510 1762 591 1828 quae
614 1743 711 1807 verba
730 1745 874 1828 imperite
895 1744 1001 1808 addita
1020 1749 1097 1808 sunt
1116 1745 1334 1808 coniunctioni

217 1855 270 1920 καί
302 1857 340 1922 ab
371 1878 417 1940 eo,
449 1859 506 1942 qui
536 1876 601 1920 non
630 1857 821 1941 intelligeret
842 1857 930 1920 illam
961 1858 1013 1920 hic
1036 1856 1167 1921 Latinae
1190 1857 1333 1938 „etiam”

218 1973 283 2035 vim
306 1972 438 2036 habere:
463 1977 585 2056 praeter
609 1971 706 2035 duces
729 1971 952 2054 lochagosquc,
976 1972 1070 2035 etiarn
1090 1971 1218 2034 illorum
1239 1970 1335 2035 Grae-

217 2105 335 2167 corum,
359 2087 415 2169 qui
437 2085 563 2149 nullum
583 2086 754 2169 imperium
773 2083 922 2148 tenebant
944 2084 980 2164 (a.
993 2105 1038 2168 gr.
1051 2086 1119 2169 ipse
1132 2083 1334 2169 Xenophon),

216 2198 362 2262 nonnulli
396 2198 437 2262 ad
470 2197 589 2279 Cyrum
622 2196 800 2278 veniebant,
836 2198 918 2261 scire
955 2198 1128 2281 cupienten,
1161 2197 1238 2281 quid
1271 2197 1333 2261 sibi
1386 2273 1388 2276 v

216 2315 418 2396 promitteret.
443 2311 487 2376 Of.
510 2311 552 2394 II,
576 2312 604 2393 6,
631 2312 669 2374 17
694 2318 725 2375 01
749 2310 887 2375 chetus
909 2309 1019 2374 Novae
1038 2310 1204 2376 Lectiones
1216 2332 1245 2395 p.
1260 2312 1333 2375 536.

261 2427 300 2508 ἐξ
337 2427 376 2489 16
411 2406 442 2491 01
475 2427 523 2490 17.
560 2424 662 2501 Quam
691 2425 844 2509 languida
874 2426 951 2490 haec
975 2427 1016 2489 sit
1041 2426 1190 2507 narratio,
1214 2427 1332 2510 optime

216 2539 347 2621 videbis,
367 2541 393 2604 si
413 2541 612 2624 singularum
625 2541 853 2603 sententiarum
867 2540 970 2622 prima
983 2537 1082 2602 verba
1094 2538 1330 2602 observaveris:

217 2651 396 2733 παρετέτατο
427 2650 458 2716 δὲ
490 2653 507 2725 ἡ
532 2651 644 2733 τοὶφρος
657 2699 664 2714 .
679 2698 686 2714 .
701 2699 708 2714 .
724 2699 749 2723 .,
775 2645 808 2725 ἦν
832 2648 863 2714 δὲ
885 2650 967 2731 παρὰ
989 2651 1037 2714 τὸν
1060 2649 1221 2730 Εὐφράτην
1245 2647 1334 2730 τοέρο-

216 2766 369 2840 δος....,
404 2765 515 2839 ταύτην
546 2763 577 2829 δὲ
607 2764 659 2838 τὴν
689 2761 801 2846 τοέφρον
815 2811 909 2838 .....
933 2762 1045 2837 ταύτην
1068 2763 1102 2837 δὴ
1124 2762 1178 2837 τὴν
1201 2762 1331 2843 τοέροδον.

216 2880 328 2965 Neque
350 2881 418 2962 hoc,
442 2885 478 2943 ut
501 2881 621 2964 opinor,
641 2877 781 2962 negabis,
806 2878 978 2942 admodum
1001 2877 1133 2941 confuse
1156 2878 1208 2964 hic
1232 2878 1331 2960 scrip-

217 2997 316 3057 torem
352 2992 457 3077 loqui:
492 3013 567 3056 nam
603 2993 675 3076 quis
708 3010 772 3076 quo
803 2991 936 3055 consilio
966 2992 1084 3054 fossam
1106 2989 1172 3053 fodi
1194 2991 1334 3073 iusserit,

217 3109 322 3171 statim
351 3112 423 3191 post
447 3108 550 3190 ipsius
578 3105 681 3170 fossae
710 3106 903 3169 mentionem
927 3103 1153 3188 exponendum
1177 3107 1243 3167 est:
1267 3122 1333 3168 me-

215 3225 336 3284 morato
355 3221 491 3284 transitu
511 3221 662 3283 continuo
679 3221 771 3302 sequi
784 3223 908 3301 oportet
921 3219 1121 3302 sententiam,
1134 3238 1198 3302 qua
1212 3217 1332 3298 Cyrum
1417 3209 1420 3218 ’

215 3332 268 3395 illo
293 3353 388 3397 usum
411 3352 480 3397 esse
503 3332 708 3416 significetur.
732 3331 802 3394 Iam
824 3351 957 3415 prorsus
982 3332 1108 3395 inutilia
1132 3336 1209 3396 sunt
1232 3331 1332 3396 verba

216 3443 326 3519 ταύτην
357 3445 388 3509 δὲ
416 3444 469 3517 τὴν
498 3444 610 3525 τοέφρον
642 3483 683 3492 —-
708 3442 945 3525 τροςελαύνοντα,
972 3445 1090 3529 quibus
1112 3445 1273 3509 insulsum
1298 3447 1332 3509 in

216 3560 346 3624 modum
368 3559 464 3624 lector
486 3560 519 3622 id
547 3559 706 3642 doceatur,
730 3559 815 3643 quod
841 3561 906 3623 iam
926 3579 967 3623 ex
987 3560 1061 3640 §14
1081 3561 1157 3622 satis
1170 3578 1332 3643 superque

216 3675 379 3757 cognitum
409 3673 510 3738 babet.
540 3673 700 3738 Lubenter
724 3693 798 3758 ergo
823 3676 863 3738 iis
886 3673 991 3738 verbis
1015 3672 1203 3755 carebimus,
1230 3691 1332 3756 eaque

216 3788 279 3851 iam
314 3793 406 3852 antea
438 3790 613 3872 proscripta
642 3806 711 3854 esse
741 3789 842 3852 credo.
872 3787 934 3852 Sed
966 3787 1027 3852 alia
1053 3787 1210 3871 quaedam
1235 3790 1334 3850 restat

216 3902 366 3966 molestia.
389 3902 473 3966 Nori
496 3903 635 3986 quidem,
658 3903 744 3986 quod
768 3922 861 3967 nemo
884 3903 1021 3986 ignorat,
1045 3900 1163 3965 Graece
1184 3899 1249 3965 dici
1270 3897 1333 3962 ὁδὸν

214 4012 293 4086 ἱέναι,
326 4011 420 4088 ἔξοδον
453 4011 556 4088 ἐξιέναι
590 4023 620 4080 01
655 4018 774 4098 simm.;
810 4037 889 4081 num
919 4021 1025 4079 tamen
1056 4015 1116 4078 hoc
1146 4014 1215 4078 loco
1243 4019 1331 4078 recte

214 4128 353 4192 dicatur:
388 4127 498 4202 ταύτην
527 4129 562 4203 δὴ
591 4128 644 4202 τὴν
671 4130 791 4210 τοὶροδον
813 4130 942 4210 παρῆλθε
965 4129 1172 4193 vehementer
1200 4127 1330 4208 dubito;

214 4261 279 4305 non
314 4243 400 4306 enim
428 4244 481 4306 hio
511 4244 550 4308 de
580 4243 690 4308 itincre
713 4245 768 4309 sed
792 4244 831 4308 de
853 4244 905 4308 oio
928 4262 1033 4308 sermo
1061 4246 1111 4306 est
1124 4241 1156 4323 ¹).
1179 4240 1331 4325 Suspicor

250 4380 277 4448 Ι)
294 4381 344 4432 Vix
360 4382 470 4434 conferri
486 4386 568 4448 pobest
584 4382 629 4448 III,
648 4381 672 4448 d,
689 4379 737 4432 20:
756 4379 867 4444 διάβασιν
884 4379 1020 4444 διαβαίνειν.

1220 4467 1238 4518 5
