3330 5262
901 607 965 669 332

411 793 521 858 Minus
544 791 721 856 absurdum
744 791 800 856 sed
822 809 924 874 aeque
948 789 1117 852 molestum
1141 793 1189 853 est
1213 789 1301 873 quod
1325 789 1488 872 sequitur:

367 901 516 978 συλλέξας
539 905 602 968 ἐκεῖ
621 901 684 968 ὅσον
706 901 827 967 ἐδύνατο
850 905 901 966 τοῦ
923 899 1148 982 στρατεύματος
1170 907 1371 964 πλεῖστον.

413 1018 470 1101 IV,
501 1019 529 1080 5.
560 1017 624 1082 Ubi
654 1017 827 1100 Agesilaus
850 1016 933 1078 dixit
956 1034 991 1079 se
1014 1014 1130 1078 liberas
1155 1033 1225 1079 esse
1249 1014 1332 1078 velle
1355 1013 1492 1078 Graecas

368 1131 466 1195 Asiae
500 1130 606 1212 urbes
639 1129 866 1212 Tissaphernes
905 1129 959 1208 „si
991 1126 1160 1191 inducias''
1194 1128 1300 1211 inquit
1339 1145 1491 1208 „meeum

368 1241 480 1306 feceris
504 1246 540 1305 ut
563 1242 602 1305 de
625 1259 662 1304 ea
684 1259 720 1304 re
743 1240 783 1304 ad
806 1239 925 1323 Regem
950 1241 1075 1303 mittere
1094 1240 1223 1322 possim,
1242 1243 1320 1322 puto
1340 1238 1373 1300 id
1392 1240 1493 1321 impe-

367 1359 526 1418 traturum
550 1359 581 1416 te
604 1352 704 1416 esse'’.
727 1351 917 1435 Sequuntur
940 1352 1033 1414 haee:
1058 1349 1162 1414 Ἀλλὰ
1184 1349 1344 1426 βουλοίμην
1364 1346 1410 1421 δν,
1432 1347 1490 1428 ἐφη

368 1465 551 1549 (Agesilaus
581 1465 755 1546 nimirum),
785 1463 808 1526 εί
840 1461 948 1539 οίοίμυν
980 1485 1017 1538 γε
1048 1460 1091 1538 μέι
1123 1461 1178 1525 ὑπὸ
1200 1465 1251 1525 σοῦ
1273 1457 1490 1534 ἐξαπατᾶσθαι,

366 1578 438 1642 ἀλλ’
470 1573 581 1650 ἔξεστιν
611 1573 670 1656 ἔφη
702 1597 745 1638 σοι
775 1571 882 1638 τούτων
912 1572 1010 1636 πίστιν
1040 1572 1149 1650 λαβεῖν
1179 1567 1198 1646 ἦ
1221 1572 1281 1650 μὴν
1303 1572 1416 1644 οῖδίλως
1440 1578 1492 1638 σοῦ

367 1689 544 1762 πρέποντος
573 1691 672 1752 ταῦτα
703 1687 785 1764 νὶμοῖς
816 1687 908 1764 μηδὲν
930 1693 984 1759 τοῖς
1007 1691 1061 1758 σῆς
1083 1686 1181 1764 ἀρχῆς
1204 1685 1350 1758 οίδιιιοίσεον
1373 1687 1403 1749 ἐν
1426 1692 1492 1758 ταῖς

367 1801 517 1872 σπονδαῖς.
539 1800 743 1864 Lnounosum
765 1800 852 1863 huno
870 1799 975 1863 looum
996 1817 1066 1863 esse
1086 1799 1291 1863 manifestum
1311 1805 1367 1863 eet.
1381 1798 1490 1877 Quum

367 1915 453 1978 enim
485 1914 524 1976 de
555 1910 777 1991 Theophanis
806 1909 869 1974 fide
899 1909 1071 1992 dubitetur,
1093 1910 1163 1974 fieri
1186 1930 1251 1974 non
1275 1916 1388 1994 potest,
1412 1915 1490 1996 quin

365 2026 420 2090 ille
442 2026 528 2109 prior
551 2024 760 2088 iurisiurandi
785 2024 979 2086 mentionem
998 2023 1151 2104 iniecerit,
1171 2042 1271 2106 seque
1290 2025 1398 2087 iurare
1409 2025 1491 2088 velle

369 2140 410 2202 sit
443 2138 615 2222 professus.
649 2137 721 2201 Non
755 2143 861 2200 tamen
892 2135 1079 2200 Dindorfius
1110 2136 1334 2221 Xenophontis
1357 2159 1490 2204 manum

367 2252 548 2316 restituisse
575 2251 703 2314 videtur
732 2254 804 2333 post
827 2247 924 2311 πίστιν
946 2251 1115 2313 inserendo
1138 2247 1226 2312 δόντα
1248 2248 1301 2312 καῖ
1323 2251 1393 2331 παρ’
1417 2252 1489 2328 ἐμοῦ

365 2361 473 2425 πίστιν.
496 2362 570 2445 Ipsa
594 2363 680 2426 enim
704 2363 750 2425 rei
772 2363 888 2424 natura
910 2361 980 2442 fert
1004 2366 1040 2424 ut
1064 2382 1166 2444 quum
1189 2362 1284 2426 6116111
1309 2362 1440 2445 dixeris,
1459 2369 1490 2427 te

365 2477 393 2538 61
417 2474 513 2538 fidem
536 2494 601 2537 non
625 2473 750 2554 habere,
770 2473 824 2536 ille
841 2473 997 2537 exolamet
1019 2473 1139 2554 „iuro”
1161 2474 1212 2537 vel
1235 2475 1489 2555 „iusiurandum

365 2587 440 2650 dare
463 2592 592 2669 paratus
616 2585 718 2650 sum''.
741 2585 872 2649 Lacuna
890 2587 934 2650 ita
953 2586 1112 2669 explenda
1131 2591 1283 2669 totusque
1301 2588 1393 2651 loeus
1405 2590 1490 2652 inter

363 2699 551 2782 Agesilaum
583 2704 614 2762 et
647 2697 889 2781 Tissaphernem
925 2698 1168 2762 distribuendus
1204 2699 1348 2762 videtur:
1386 2699 1489 2764 Ἀλλοὶ

364 2809 525 2886 βουλοίμην
548 2809 594 2882 ῖιν,
618 2807 676 2890 ἔφη
702 2812 793 2894 (Ag),
817 2811 840 2872 εί
864 2810 907 2886 μέν
931 2810 1039 2887 οἰοίμην
1062 2835 1098 2888 γε
1121 2812 1177 2875 ὑπὸ
1196 2815 1248 2875 σοῦ
1268 2808 1486 2886 ε’ξαποιτοῖσίαι.

363 2922 454 2985 Ἀλλ’
484 2918 603 2994 ἔξεστιν,
632 2919 690 3002 ἔφη
716 2923 779 3004 (Ἦ),
799 2920 844 2986 σοί
868 2921 975 2986 τούτων
998 2922 1094 2987 πίστιν
1118 2923 1226 3000 λαβεῖν
1250 2918 1268 2996 ἦ
1291 2923 1351 3001 μὴν
1374 2924 1488 2997 οέδίλως

362 3034 431 3112 ἐμὲ
452 3039 581 3098 ταῦτα
603 3031 774 3114 προέξειν.
798 3034 872 3098 Καί
896 3034 957 3099 σοὶ
976 3036 1024 3118 δὲ,
1044 3033 1127 3119 ἔφη,
1147 3039 1229 3121 (Ag.)
1249 3035 1384 3110 ἔξεστι
1403 3039 1487 3118 παρ’

362 3148 457 3224 ἐμοῦ
481 3145 614 3210 πίστιν
637 3147 783 3225 λαβεῖν
807 3142 825 3220 ἦ
848 3147 924 3224 μὴν
947 3146 1098 3219 eidnec
1121 3153 1172 3213 σοῦ
1196 3149 1374 3228 προίστουτος
1387 3155 1488 3214 ταῦτα

362 3259 445 3336 ἡμοῖς
477 3259 569 3336 μηδὲν
597 3265 651 3332 τοῖς
674 3267 728 3332 σῆς
751 3261 849 3340 ἀρχῆς
873 3260 1020 3334 οίδιιιιίσειν
1042 3261 1072 3324 ἐν
1095 3269 1161 3332 ταῖς
1184 3262 1334 3333 σπονδαῖς.
1360 3263 1487 3327 Eorun-

364 3372 435 3435 dem
467 3372 698 3436 voeabulorum
730 3374 948 3456 repetitionem
981 3376 1105 3458 egregie
1128 3375 1205 3437 huio
1228 3375 1389 3458 colloquio
1412 3395 1487 3440 con-

362 3487 481 3567 venire,
505 3487 638 3549 eandem
659 3492 764 3549 tamen
786 3491 817 3550 et
836 3487 1033 3569 corruptelae
1052 3507 1183 3552 oausam
1203 3491 1365 3554 exstitisse
1385 3493 1486 3554 nemi-

361 3616 435 3660 nem
458 3603 651 3681 negaturum
674 3601 795 3681 opinor.

405 3709 462 3791 IV,
493 3710 522 3772 6.
553 3707 676 3785 ἐπέμενε
703 3716 772 3781 ταῖς
804 3711 955 3782 σπονδαῖς.
990 3711 1071 3774 Cum
1095 3711 1289 3777 Schneidero
1312 3715 1485 3798 legendum

360 3821 474 3898 ἐνέμενε
496 3846 523 3884 τ.
547 3845 576 3884 σ.

404 3934 461 4016 IV,
494 3937 522 3998 9.
553 3934 719 4016 Lysander
748 3938 793 4000 ita
814 3938 1002 4021 Agesilaum
1026 3938 1218 4022 alloquitur:
1244 3943 1344 4015 μειοῦν
1367 3937 1424 4020 alpe
1448 3939 1485 4005 σιί

360 4069 398 4122 γε
430 4045 497 4117 τοὺς
527 4046 633 4126 Φίλυος
665 4047 786 4119 ἦπίστυ.
820 4049 1004 4134 Respondet
1032 4051 1103 4115 ille:
1136 4051 1181 4114 ναῖ
1205 4050 1252 4128 μοὶ
1275 4051 1335 4114 Δία
1358 4051 1425 4125 τοιίς
1449 4077 1486 4131 γε

359 4156 554 4234 βουλομένους
584 4159 658 4235 ἐμοῦ
690 4158 806 4239 μείζους
829 4160 995 4241 φαίνεσθαι·
1018 4162 1085 4234 τοὺς
1109 4162 1141 4226 δέ
1163 4186 1200 4239 γε
1222 4161 1367 4237 αὔξοντας
1393 4166 1417 4227 εί
1440 4165 1485 4242 μέν

361 4267 539 4345 ἐπισταίμην
563 4269 723 4348 οέντιτιμοῖν
746 4271 942 4350 αἰσχυνοίμην
965 4272 1009 4337 νίν.
1035 4274 1074 4338 In
1098 4275 1287 4359 iu1·giO,ubi
1308 4275 1485 4341 611616116-
