3352 5260
775 600 838 668 143

189 813 191 818 ’
238 795 315 879 gula
335 791 433 860 verba
456 795 588 876 spectas,
611 809 677 856 non
700 794 805 875 potest
828 809 894 854 non
919 790 1053 854 molesta
1071 808 1141 854 esse
1161 795 1193 854 et
1212 791 1365 856 ieiunitas

240 913 272 972 θῖ
293 907 494 972 refutationis
516 905 672 970 acerbitas
696 925 715 968 a
735 905 864 969 lenitate
884 903 1045 968 Socratica
1065 903 1268 968 alienissima
1281 904 1365 969 Nam

240 1039 323 1103 qnae
346 1020 407 1084 ista
428 1019 469 1082 sit
491 1017 658 1082 refellendi
680 1019 771 1100 ratio,
795 1036 860 1100 qua
883 1017 923 1098 ἐξ
948 1016 967 1078 6
985 1021 1024 1080 et
1046 1017 1063 1078 7
1085 1014 1231 1081 Socrates
1251 1009 1365 1092 utitur,

241 1133 344 1196 multo
378 1131 494 1196 melius
525 1131 751 1214 copiosiusque
782 1131 955 1213 exponitur
986 1147 1023 1193 cc
1046 1128 1125 1211 loco,
1150 1148 1247 1213 quem
1270 1148 1367 1215 supra

241 1247 338 1310 citavi
372 1244 439 1326 (IV,
474 1246 503 1325 2,
540 1244 579 1307 31
606 1244 697 1326 sqq),
731 1261 922 1326 semperque
957 1242 1015 1306 hcc
1048 1243 1128 1306 mihi
1162 1242 1367 1308 manifestum

241 1359 494 1443 interpolationis
527 1359 656 1442 signum
688 1359 795 1422 visum
826 1361 883 1439 est,
915 1358 944 1422 si
972 1357 1007 1419 in
1031 1357 1142 1421 eodem
1165 1356 1255 1440 libro,
1278 1376 1367 1440 prae-

242 1474 351 1537 sertim
375 1471 522 1553 breviori,
549 1470 597 1534 bis
620 1470 730 1535 eadem
754 1489 806 1534 res
831 1474 994 1551 tractatur,
1012 1469 1111 1552 idque
1131 1469 1368 1553 somelelegan-

242 1590 299 1667 ter,
329 1583 410 1666 fuse,
443 1584 514 1648 loco
548 1584 724 1667 aptissimo,
754 1583 853 1647 semel
883 1583 1019 1664 exiliter,
1052 1583 1176 1666 raptim,
1201 1583 1271 1647 sine
1301 1582 1367 1646 ullo

242 1718 316 1762 cum
340 1699 454 1763 ceteris
477 1697 616 1760 vinculo.
639 1695 682 1760 Εῖ
705 1715 787 1780 quae
810 1696 938 1760 tandem
959 1715 1057 1759 causa
1077 1701 1132 1772 est,
1152 1714 1213 1759 our
1230 1695 1368 1779 Aristip-

242 1833 319 1896 pum
355 1831 397 1877 ex
432 1810 582 1875 omnibus
617 1811 714 1893 eligat
747 1808 939 1893 Xenophon,
970 1827 1111 1892 quocum
1141 1812 1207 1871 tam
1237 1809 1368 1872 inimico

244 1928 350 1991 animo
373 1925 534 1990 Socratem
558 1923 691 1987 inducat
714 1921 955 2006 disputantem?
980 1919 1065 1997 Quid
1083 1922 1138 1986 ille
1158 1923 1370 2004 commiserat,

243 2046 281 2104 ut
303 2041 403 2104 tristis
426 2038 594 2120 severique
614 2037 760 2120 magistri
778 2035 932 2099 adversus
953 2053 1028 2098 eum
1049 2041 1190 2099 sumeret
1200 2053 1369 2119 personam

246 2153 401 2235 Socrates,
423 2153 481 2236 qui
503 2156 624 2215 cetoros
645 2168 756 2213 omnes
776 2148 975 2213 adversarios
988 2147 1111 2212 urbana
1121 2147 1252 2232 lenique
1262 2149 1368 2212 ironia

245 2267 434 2331 convincere
465 2262 604 2329 soleret?
634 2261 718 2326 Nam
747 2261 943 2345 Aristippus,
966 2279 1062 2344 quem
1085 2259 1120 2324 L.
1143 2260 1177 2324 H
1199 2279 1225 2324 c.
1251 2262 1269 2323 1
1295 2280 1370 2324 con-

245 2380 399 2463 spicimus
433 2396 498 2440 non
530 2381 579 2440 θεῖ
609 2375 703 2438 homo
734 2374 901 2458 illepidus:
933 2374 975 2437 sit
996 2373 1093 2457 paulo
1118 2375 1306 2457 propensior
1329 2372 1369 2436 ad

245 2491 442 2576 voluptatem
476 2491 641 2572 vitamque
674 2487 817 2569 hilarem,
850 2487 994 2572 molliter
1020 2506 1054 2551 se
1085 2492 1174 2550 curet
1209 2487 1371 2570 genioque

245 2604 418 2689 indulgeat,
442 2608 474 2668 at
497 2623 563 2667 non
587 2607 636 2667 est
658 2621 820 2686 arrogans,
843 2620 909 2665 non
933 2621 1044 2665 amans
1067 2601 1229 2666 fallacium
1252 2602 1371 2686 captio-

246 2737 335 2800 num,
358 2736 423 2782 non
446 2717 569 2781 deridet
590 2715 761 2797 Socratem,
783 2735 848 2778 non
873 2715 1013 2799 denique
1032 2717 1060 2779 is
1081 2720 1137 2797 est,
1156 2734 1253 2799 quem
1272 2717 1370 2799 potis-

247 2834 365 2899 simum
399 2830 568 2916 pudendae
598 2830 799 2913 ignorantiae
829 2829 1020 2893 convincere
1052 2829 1198 2894 studeas:
1222 2830 1291 2912 ipse
1314 2827 1370 2893 So·

247 2950 349 3009 crates
383 2942 465 3007 bene
498 2961 533 3007 se
569 2943 598 3006 ei
633 2941 714 3006 velle
747 2941 960 3025 prudentibus
994 2942 1062 3005 suis
1097 2940 1371 3006 admonitionibus

248 3057 393 3122 declarat.
428 3055 594 3120 Praeclare
626 3074 704 3119 vero
737 3054 793 3118 illa
825 3057 941 3136 omnia,
976 3073 1058 3138 quae
1088 3054 1128 3118 ab
1159 3055 1250 3118 initio
1274 3055 1372 3119 buius

247 3173 360 3255 capitis
383 3189 488 3254 usque
510 3170 550 3234 ad
574 3170 683 3252 §uml
709 3169 868 3253 leguntur,
891 3169 994 3253 posita
1014 3174 1090 3233 sunt
1109 3169 1211 3252 capite
1231 3168 1372 3233 secundo

247 3284 321 3348 libri
356 3285 478 3368 quarti:
513 3283 589 3347 inde
619 3284 720 3367 igitur
748 3287 851 3346 totum
883 3282 971 3346 hunc
993 3282 1101 3346 locum
1124 3302 1144 3344 a
1166 3282 1373 3367 compilatore

248 3398 437 3464 translatum
462 3397 621 3461 existimo.

293 3506 462 3575 Confutato
485 3510 649 3593 Aristippo
673 3508 713 3573 ad
735 3510 843 3574 nescio
869 3527 965 3592 quem
989 3528 1024 3573 se
1047 3509 1204 3574 convertit
1226 3507 1373 3573 Socrates

249 3626 280 3707 (ὅ
316 3623 449 3707 8-10),
481 3628 519 3687 ut
550 3622 669 3704 doceat,
702 3622 862 3705 quomodo
887 3622 1003 3687 domus
1026 3623 1068 3685 sit
1090 3621 1293 3686 aedificanda.
1315 3620 1375 3686 nst

251 3736 338 3821 quod
371 3737 496 3800 mireris
527 3755 647 3799 novum
677 3734 765 3799 istud
796 3740 827 3800 et
857 3735 1098 3820 inexpectatum
1130 3738 1373 3818 argumentum:

249 3870 315 3915 non
334 3855 441 3915 tamen
453 3849 543 3914 nullo
556 3869 689 3934 prorsus
701 3849 831 3913 vinculo
844 3868 918 3913 cum
931 3849 1197 3933 praecedentibus
1209 3848 1373 3914 cohaeret:

251 3983 448 4048 quamquam
483 3964 560 4028 satis
594 3968 691 4026 tenue
726 3968 757 4027 θῖ
790 3962 875 4027 exile
905 3961 986 4026 illud
1017 3967 1073 4026 est.
1096 3960 1264 4045 Exemplis
1287 3962 1373 4025 enim

251 4077 416 4142 nonnullis
452 4078 586 4160 scriptor
620 4077 780 4158 docuerat,
814 4071 904 4139 καλόν
940 4080 971 4140 θῖ
1001 4074 1148 4154 χρήσιμον
1179 4075 1264 4140 idem
1287 4094 1375 4140 esse:

251 4210 338 4255 nunc
361 4209 464 4254 unum
488 4189 625 4273 additur,
649 4189 688 4255 de
712 4209 778 4273 quc
800 4188 907 4253 fusius
928 4189 1116 4272 disputetur.
1136 4188 1198 4254 Sed
1217 4189 1375 4254 insulsam

251 4303 414 4388 taediique
436 4304 562 4388 plenam
585 4303 656 4367 eius
676 4303 904 4387 disputationis
923 4300 1101 4366 ubertatem
1113 4320 1193 4385 esse,
1204 4304 1376 4388 neminem,
