3330 5262
849 571 913 636 366

315 757 368 824 hic
402 757 500 823 verbo
533 755 726 835 λυμαίνεσθαι
763 758 908 822 dativum
944 758 1113 841 addidisse,
1145 759 1202 842 qui
1232 760 1267 822 in
1290 758 1439 843 proxirne

315 869 581 953 praecedentibus
613 870 775 955 scripserit
808 869 844 941 ὥς
876 867 1086 948 λυμαινόμενον
1117 869 1171 942 την
1202 868 1361 944 πολιτείαν,
1387 870 1444 935 sed

317 983 489 1068 utrobique
519 988 576 1047 aut
609 983 736 1052 dativus
767 987 823 1047 aut
846 984 1048 1048 accusativus
1072 984 1249 1068 requiritur
1272 981 1328 1062 (Of.
1352 982 1444 1066 VIII,

319 1097 348 1178 5,
380 1098 438 1160 18:
471 1093 697 1174 λελυμασμένος
727 1092 768 1169 είη
801 1103 837 1177 τη
871 1095 974 1160 ἑαυτοῦ
998 1091 1087 1179 ὃύξη).
1111 1096 1308 1162 Sententiam
1334 1102 1442 1161 eutem

318 1205 474 1272 καταδύειν
499 1209 550 1273 οὐκ
572 1205 619 1272 εία
641 1206 822 1289 στρογγύλον
845 1214 945 1272 πλοῖον
969 1207 1034 1273 οὐδὲ
1052 1193 1244 1287 λυμαίνεσθαι
1264 1216 1329 1281 ταῖς
1349 1209 1445 1272 αὑτῶν

319 1320 417 1386 ναυσίν
449 1323 494 1386 ita
525 1323 744 1406 accipiendam
777 1340 857 1405 esse,
881 1327 918 1386 ut
940 1341 977 1388 ea
999 1343 1083 1408 pars,
1106 1342 1190 1407 quae
1212 1323 1251 1388 ab
1274 1321 1340 1387 οὐδέ
1364 1325 1445 1387 inci·

319 1437 375 1520 pit,
406 1436 625 1521 praecedentis
657 1455 788 1502 oausam
820 1437 1044 1520 rationemque
1067 1437 1185 1520 afferat,
1208 1442 1375 1521 totamque
1397 1437 1444 1502 sio

320 1549 386 1615 fere
417 1569 487 1615 esse
510 1550 715 1616 vertendam:
744 1552 892 1632 „milites
918 1553 1019 1616 vetuit
1041 1552 1290 1618 Atheniensium
1315 1553 1445 1636 navigia

321 1665 511 1728 mercatoria
542 1664 737 1749 demergere,
770 1683 810 1730 ne
834 1667 903 1730 suis
927 1664 1065 1730 navibus
1089 1666 1245 1730 damnum
1271 1665 1444 1730 inferrent'’

320 1777 454 1859 nemini,
485 1781 521 1840 ut
552 1779 674 1862 opinor,
705 1776 893 1842 incredibile
923 1776 1093 1843 videbitur.
1125 1777 1298 1862 Simulque
1320 1780 1446 1863 egregie

321 1889 366 1952 ita
401 1888 558 1972 significat
591 1888 761 1972 TeleutiaS,
797 1909 831 1955 se
865 1909 930 1954 non
963 1889 1039 1956 belli
1068 1892 1200 1976 gerendi
1231 1893 1288 1956 sed
1310 1892 1447 1976 praedae

323 2002 464 2086 agendae
495 2021 592 2067 causa
621 2002 710 2066 illam
743 2004 776 2066 in
807 2002 960 2068 Piraeum
992 2006 1172 2088 suscepisse
1196 2005 1444 2089 expeditionem.

367 2114 393 2197 Ι,
425 2114 475 2178 36.
507 2115 646 2199 Accepta
668 2137 687 2180 a
711 2115 840 2180 Graecis
862 2134 948 2201 pace,
971 2136 1069 2200 quam
1094 2118 1134 2181 iis
1158 2136 1215 2201 per
1237 2117 1444 2182 Antalcidam

325 2229 526 2313 imposuerat
547 2227 628 2312 Rex,
652 2230 755 2294 multo
774 2231 968 2314 potentiores
986 2230 1062 2294 facti
1083 2236 1160 2295 sunt
1178 2229 1327 2315 Spartani
1346 2252 1445 2317 quam

324 2348 417 2407 antea
438 2341 582 2407 fuerant:
607 2342 770 2424 προσσαίται
789 2341 847 2424 γίιρ
866 2341 1012 2422 γευόμενοι
1033 2351 1087 2417 τῆς
1106 2343 1161 2408 ὑπὸ
1181 2343 1328 2422 βασιλέας
1348 2366 1446 2408 κασα-

323 2454 512 2536 πεμφθείσης
543 2454 650 2536 είρνίνης
680 2453 732 2520 καὶ
762 2456 815 2529 την
844 2455 1020 2534 αὐτονομίαν
1042 2462 1111 2530 ταῖς
1135 2454 1236 2522 πύλεσι
1259 2455 1446 2538 πρέποντες,

324 2568 505 2651 προσέλαβον
536 2569 591 2647 μέν
618 2566 786 2649 ξύμμαχον
809 2569 943 2650 Κόρινθον,
967 2568 1146 2649 αύτονίμους
1169 2570 1200 2635 δὲ
1221 2571 1281 2636 οέπὸ
1304 2575 1360 2634 τῶν
1384 2580 1446 2644 Θη-

324 2681 416 2762 βαίαν
450 2681 506 2754 τὰς
540 2682 700 2755 Βοιωτίδας
735 2681 833 2754 πόλεις
863 2682 1010 2758 ἐποίησαν,
1042 2677 1126 2765 οὗπερ
1156 2682 1252 2749 πύλαι
1275 2682 1446 2762 ἐπεθύμουν,

324 2791 458 2861 ἔπαυσαν
478 2795 509 2860 δὲ
529 2794 581 2862 καὶ
602 2796 751 2877 Ἀργείους
771 2797 897 2877 Κόρινθον
917 2795 1182 2878 σφετεριζομένους,
1194 2798 1318 2879 Φρουρὰν
1330 2797 1447 2879 φαίνοιν-

326 2932 375 2983 τες
406 2907 453 2974 ἐπ’
490 2909 597 2983 αύτούς
628 2911 652 2974 εί
678 2910 722 2988 μη
745 2907 841 2984 ἐξίοιεν
864 2910 897 2974 ἐκ
921 2910 1058 2992 Κορίνίου.
1082 2912 1205 2977 Ultima
1227 2933 1300 2998 pars
1323 2932 1449 2996 eorum,

326 3043 410 3108 quae
440 3025 536 3088 citavi
571 3020 724 3109 (ἔπαυσαν
755 3022 787 3087 δέ
817 3021 869 3087 καί
902 3062 942 3071 -
974 3024 1007 3088 ἐκ
1037 3024 1198 3112 Κορίνθου),
1226 3047 1290 3091 non
1315 3026 1448 3111 abipso

325 3135 539 3222 Xenophonte
570 3157 684 3202 verum
719 3157 739 3202 a
760 3137 858 3202 sciolo
882 3143 959 3202 sunt
982 3138 1096 3203 addita.
1120 3139 1258 3204 Prorsus
1282 3143 1368 3205 enim
1394 3161 1449 3205 su-

325 3269 521 3336 pervacanee
551 3256 643 3316 sunt:
671 3270 746 3316 nam
772 3252 800 3315 si
824 3249 969 3335 Spartani
992 3249 1175 3332 προσέλαβον
1199 3248 1365 3333 ξύμμαχον
1389 3250 1444 3317 Κί-

325 3365 420 3447 ρινθον,
452 3367 517 3430 iam
550 3368 620 3451 ipsa
650 3386 701 3432 res
733 3366 885 3450 loquitur,
918 3386 980 3430 non
1013 3368 1078 3431 iam
1103 3368 1241 3452 Argivos
1265 3369 1334 3434 eius
1359 3369 1449 3433 urbis

327 3479 501 3563 imperinm
535 3479 596 3543 sibi
626 3479 799 3561 vindicare,
827 3484 859 3543 et
879 3479 1046 3563 pueriliter
1068 3481 1108 3546 iis
1132 3483 1286 3566 repetitur
1309 3501 1359 3547 res
1380 3483 1447 3546 iam

328 3597 421 3656 antea
452 3593 578 3676 copiose
609 3596 743 3656 narrata.
776 3590 908 3676 Legitur
931 3575 1022 3658 enim'
1042 3593 1072 3675 (ᾖ
1097 3595 1167 3676 34);
1193 3593 1218 3658 οἱ
1240 3593 1267 3658 δ’
1291 3587 1331 3659 αύ
1353 3595 1448 3676 Κορίν-

329 3706 377 3771 ύιοι
399 3707 450 3772 ούκ
472 3703 637 3785 ἐξέπεμπον
660 3705 714 3779 riso
735 3708 792 3769 τῶν
816 3704 954 3786 Ἀργείων
977 3705 1115 3788 Φρουροίν·
1136 3707 1208 3771 αλλ’
1232 3707 1245 3772 ὁ
1265 3708 1449 3787 Ἀγησίλαος

328 3817 381 3883 καί
412 3818 521 3892 τούτοις
552 3826 679 3902 προεῖπε,
710 3827 772 3892 τοῖς
795 3818 861 3897 μέν,
886 3819 909 3883 εί
933 3818 976 3898 μη
1000 3819 1178 3900 ἐκπέμψοιεν
1200 3819 1267 3894 τοὺς
1290 3821 1449 3903 Ἀργείους,

328 3940 390 4008 τοῖς
420 3933 462 4009 δέ,
494 3935 517 4000 εί
547 3934 591 4013 μη
621 3933 731 4000 σέπίοιεν
762 3935 794 3998 ἐκ
825 3939 878 4008 τῆς
902 3933 1037 4016 Κορίνθου,
1062 3932 1104 4000 έτν
1127 3932 1256 4015 πόλεμον
1279 3933 1377 4011 ἐξοίσει
1400 3937 1449 4002 ἐπ’

327 4045 441 4120 αύτούς.
475 4045 539 4112 ἐπεὶ
571 4047 602 4112 δέ
632 4046 821 4130 φοβηθέντων
851 4045 1025 4130 ἀμφοτέραν
1057 4044 1176 4124 ἐξῆλθον
1199 4048 1224 4114 σί
1244 4048 1373 4131 Ἀργεῖοι
1395 4047 1449 4115 καί

330 4159 405 4233 αὐτη
436 4159 486 4242 ἐφ’
516 4162 623 4236 ἑαυτῆς
647 4161 663 4234 i
687 4165 744 4226 τῶν
768 4160 910 4242 Κορινθίαν
933 4159 1016 4235 πύλις
1039 4160 1163 4241 ἐγένετο,
1188 4162 1212 4227 οἱ
1235 4163 1290 4241 μὲν
1313 4169 1448 4244 σφαγεῖς

330 4269 382 4338 καί
407 4271 430 4338 οί
451 4274 596 4368 μεταίτιοι
618 4277 668 4338 τού
690 4271 773 4356 ἐργου
797 4272 881 4339 αὐτοὶ
901 4273 1017 4354 γνύντες
1036 4275 1168 4350 οὶπηλύον
1186 4276 1219 4342 ἐκ
1237 4282 1291 4351 τῆς
1310 4276 1448 4358 Κορίνθου·
