3352 5260
732 609 795 672 159

196 798 246 863 δνσὶ
277 801 378 862 τοῦτον
411 797 442 861 οὐ
477 793 612 874 nouat
646 789 689 857 ὗν.
724 794 869 860 Primum
903 813 979 868 oum
1017 794 1180 879 Stephano
1211 814 1269 879 pro
1292 794 1325 858 σὺ

194 913 368 997 legendum
390 917 439 976 est
461 915 530 991 σοῦ;
555 910 669 974 deinde
692 911 806 974 vitium
826 910 1043 992 eximendum,
1065 910 1152 993 quod
1174 909 1326 994 frequen-

196 1027 357 1091 tissimum
388 1029 436 1089 est
464 1024 550 1108 apud
574 1042 685 1087 omnes
709 1025 886 1107 scriptores.
909 1022 1119 1106 Partioipium
1145 1023 1231 1087 enim
1256 1019 1326 1085 ίντοο

198 1160 217 1205 a
239 1139 403 1224 participio
431 1136 636 1216 ἀποσχόμενον
661 1137 786 1221 pendet,
811 1137 870 1220 vel,
894 1141 931 1201 ut
952 1137 1232 1221 grammaticorum
1258 1155 1323 1199 ser·

198 1271 293 1318 mone
323 1256 404 1334 utar,
434 1269 500 1314 uon
533 1269 608 1314 cum
634 1269 670 1314 eo
694 1250 923 1331 mordinatum,
947 1250 1002 1313 sed
1026 1251 1056 1313 ei
1078 1248 1325 1313 subordinatum

199 1371 263 1431 est:
287 1368 369 1430 duae
393 1367 533 1430 rationes
557 1363 742 1445 afferuntur,
766 1383 865 1447 quare
883 1363 1018 1445 Ulysses
1031 1363 1207 1428 abstineret
1218 1364 1269 1425 σοῦ
1287 1399 1325 1408 -

199 1477 353 1552 ἅσσεσίοον,
390 1499 528 1563 quarum
562 1479 661 1542 altera
693 1477 801 1541 dativo
839 1477 1011 1560 „oausae”,
1034 1478 1133 1542 altera
1155 1478 1322 1561 participio

199 1593 413 1678 significatur;
438 1591 616 1657 abstinebat
639 1592 725 1655 enim
749 1596 781 1655 et
802 1596 930 1675 propter
952 1591 1105 1655 Mercurii
1127 1591 1270 1673 oonsilia,
1295 1594 1326 1654 et

200 1709 275 1793 quia
294 1709 363 1791 ipso
378 1708 544 1770 continens
558 1711 632 1770 erat.
644 1704 758 1788 Itaque
770 1705 941 1769 delendum
954 1702 1006 1768 κοοί
1020 1709 1094 1769 ante
1106 1703 1322 1784 ἀποσχόμενον.

245 1823 295 1885 13.
325 1820 466 1885 τοῦτοτί
489 1818 586 1899 θηρίον,
610 1817 623 1882 ὃ
647 1823 770 1882 κονλοῡσν
793 1818 882 1882 κοολὸν
904 1817 956 1882 uui
981 1819 1090 1898 ὠροοῖον,
1117 1816 1241 1898 σοσοιίτερ
1266 1818 1323 1881 δεν-

199 1933 304 2016 νίσερίν
334 1935 397 1998 ε’σσν
428 1937 484 1998 τῶν
507 1931 700 2013 Φοολοιχχίνον,
725 1930 779 2012 ίσερ
803 1933 900 1997 ἐκεῖνον
924 1930 979 2010 μὲν
1001 1931 1162 2012 οίψοίμενοο,
1185 1934 1269 1995 τοῦτο
1294 1928 1324 1994 δὲ

198 2048 261 2112 οὐδὲ
291 2045 466 2126 ἁπτόμενον,
490 2047 541 2109 εὀὶν
575 2044 673 2118 δέοις
698 2045 771 2109 αὐτὸ
794 2046 904 2118 troitus,
928 2043 1020 2118 ε’νίνρσί
1039 2067 1068 2108 τι
1090 2044 1150 2109 xri.
1174 2045 1325 2110 Insulsus

197 2162 370 2227 admodum
394 2161 464 2243 fuit,
489 2163 546 2246 qui
568 2162 693 2245 primus
717 2160 900 2244 explicandi
923 2163 1025 2244 gratia
1042 2161 1208 2244 participio
1228 2156 1324 2222 οίσσό-

198 2299 283 2354 μοοο
313 2277 550 2340 annotationem
585 2275 700 2338 annot
730 2272 780 2337 εον
805 2272 836 2337 οε
860 2296 904 2345 με
927 2273 999 2337 nont
1025 2257 1125 2336 aaa
1149 2271 1244 2350 μνον,
1269 2273 1326 2336 ser

198 2389 352 2456 insulsior
382 2391 486 2471 etiam,
520 2391 578 2472 qui
608 2407 677 2452 eam
710 2389 745 2450 in
768 2392 895 2452 textum
915 2363 1041 2472 recepit.
1065 2384 1166 2462 Quasi
1188 2405 1265 2450 vero
1287 2405 1325 2450 ea

198 2523 249 2569 res
282 2523 348 2569 nou
382 2506 483 2588 possit
513 2504 640 2568 lectoris
672 2504 800 2586 ingenio
830 2504 988 2587 permitti!
1013 2500 1103 2578 Quae
1127 2501 1242 2565 deinde
1265 2501 1325 2564 hae

110 2647 112 2654 ¹
198 2618 231 2700 §⁰
256 2624 437 2702 sequuntur
461 2619 580 2702 optime
604 2637 623 2681 a
645 2616 817 2681 Schenklio
841 2622 917 2681 sunt
940 2595 1113 2681 emendata.

244 2730 347 2816 Caput
375 2731 435 2812 IV,
459 2731 509 2794 18.
534 2731 567 2794 τὸ
591 2730 662 2794 ίεῖον
687 2767 729 2777 -
754 2734 889 2794 τοσοῦτον
911 2726 963 2792 uui
986 2729 1111 2792 σονοῦτίν
1133 2729 1220 2798 ἐστιν,
1245 2725 1321 2791 ὥστε

197 2838 267 2921 ἅμοο
297 2840 398 2907 urimo
424 2842 488 2923 ὀροῖν
513 2840 564 2906 aui
588 2843 690 2908 σοίνσοο
714 2842 826 2907 οίκούεον
851 2841 903 2907 uui
927 2847 1087 2921 σοονσοοχοῦ
1110 2847 1244 2921 οσοορεῖνοον
1268 2838 1321 2904 aui

197 2953 268 3035 ίίμοο
289 2954 406 3020 νεοίντννν
429 2958 632 3035 ἕπομελεῑσίοον
655 2959 736 3022 adad.
763 2959 862 3023 Nullo
882 2959 975 3023 modo
995 2957 1163 3022 ferendum
1183 2961 1232 3021 est
1250 2977 1324 3040 pro-

198 3089 316 3136 nomen
341 3069 415 3134 οούσί
439 3072 473 3134 in
495 3071 560 3135 fine
583 3073 682 3137 huius
705 3073 767 3136 looi
790 3074 946 3157 positum:
966 3091 1031 3135 non
1051 3072 1137 3135 enim
1156 3071 1201 3134 ita
1220 3071 1323 3154 expli·

198 3186 263 3248 cari
293 3189 406 3268 potest,
437 3191 474 3249 ut
506 3187 562 3250 sit:
598 3189 730 3270 „ipsum
764 3188 833 3252 sine
857 3206 916 3270 ope
939 3185 1073 3269 aliena'',
1096 3186 1184 3269 quod
1207 3185 1323 3249 addere

199 3318 280 3382 opus
303 3318 368 3362 non
392 3304 467 3382 erat,
489 3301 564 3383 quia
582 3301 645 3364 iam
657 3302 692 3364 in
705 3301 906 3384 praecedenti
917 3303 1076 3379 rurreppi
1088 3305 1218 3379 σοορεῖνοον
1230 3300 1322 3364 inest

242 3410 344 3497 Caput
367 3413 405 3490 V,
429 3416 457 3476 3.
483 3409 510 3476 εί
529 3437 565 3491 γε
588 3412 665 3491 μηδὲ
688 3413 789 3478 δοῦλον
806 3413 919 3494 οὶκροισῆ
942 3410 1104 3491 δεξοιίμείοο
1124 3410 1170 3485 ίνν,
1191 3416 1252 3482 πῶς
1272 3413 1322 3476 οὐκ

195 3520 275 3598 ίίξοον
297 3524 384 3589 αὐτόν
408 3549 445 3603 χε
467 3522 661 3600 Φυλοίξοοσίοον
685 3529 808 3591 τοιοῦτον
830 3524 972 3604 χενίσίοοο.
999 3525 1042 3590 Ut
1065 3525 1151 3591 absit
1174 3525 1324 3590 soloecis-

197 3657 280 3721 mus,
304 3643 377 3703 ante
400 3635 595 3719 φνοοίξοισίοον
618 3659 795 3725 pronomen
818 3662 884 3703 σονοο
906 3640 1113 3706 inserendum
1136 3640 1271 3704 videtur.

243 3750 346 3835 Caput
374 3751 430 3835 VI,
460 3755 491 3816 8.
520 3750 541 3818 οἳ
571 3753 602 3816 οὐ
628 3751 712 3831 μίνον
736 3754 765 3817 ἐν
789 3752 875 3836 χρείρο
898 3751 966 3817 dura
988 3751 1135 3834 εὐφραίνει
1160 3748 1321 3816 ἀλλὰκαὶ

197 3864 326 3937 ἐλπίδος
356 3864 528 3947 σοορέχονσοο
558 3867 720 3947 ὠφελήσειν
749 3866 803 3931 οίεί.
828 3868 898 3932 Iam
922 3869 1058 3952 saepius,
1082 3869 1145 3931 nisi
1169 3867 1323 3931 memoria

198 3998 249 4043 me
277 3979 368 4061 fallit,
398 3981 582 4044 coniectura
613 3983 776 4066 proposita
807 3986 863 4064 est,
885 3982 1058 4065 legendum
1090 3999 1160 4045 esse
1183 3976 1321 4059 σοορέχεν,

198 4111 300 4176 eaque
330 4093 407 4156 mihi
439 4097 623 4158 oonieotura
654 4097 822 4160 verissima
844 4095 979 4160 videtur.
1002 4094 1084 4158 Nam
1108 4114 1173 4178 qua
1195 4094 1324 4158 ratione

197 4208 400 4291 participium
428 4205 599 4287 σορέχονσοο
621 4208 674 4273 vel
697 4210 852 4292 explicari
874 4207 925 4273 vel
948 4208 1074 4273 defendi
1097 4208 1206 4292 possit,
1232 4206 1321 4292 equi-

196 4320 269 4386 dem
291 4340 357 4386 uon
380 4322 483 4386 video.
