3330 5262
881 603 945 666 318

348 789 435 854 enim
457 791 506 852 est
527 803 720 870 cognoscere
743 789 799 848 aut
821 784 1000 849 mritimae
1022 783 1128 866 urbes,
1152 789 1208 848 ant
1227 783 1385 863 larisam,
1406 783 1483 850 Ha-

347 899 511 982 maailum,
534 895 669 964 Colobae
691 916 726 962 se
746 896 954 962 Pharnabazo
973 896 1140 962 dedidisse.
1154 896 1481 963 Probabiliustamen

349 1013 477 1077 videtur
499 1011 633 1075 nomina
655 1010 732 1074 olim
756 1011 791 1074 in
816 1011 960 1094 margine
983 1009 1085 1074 fuisse
1107 1009 1275 1093 adscripta

394 1124 419 1207 I,
443 1125 493 1188 18.
525 1122 699 1188 Oebrenem
724 1121 838 1186 urbem
863 1122 988 1188 obsidet
1009 1121 1216 1204 Dercylidas:
1241 1141 1316 1206 pars
1339 1124 1479 1187 militum

348 1238 479 1320 fontem,
510 1255 528 1302 e
560 1255 625 1320 quo
652 1236 775 1300 incolae
798 1255 915 1320 aquam
939 1236 1068 1302 haurire
1091 1237 1205 1320 solent,
1228 1236 1327 1300 humo
1352 1238 1483 1320 opplere

349 1355 499 1415 conatur:
536 1349 585 1413 illi
619 1368 696 1414 vero
731 1350 899 1432 eruptione
933 1348 1017 1413 facta
1051 1349 1132 1413 duos
1167 1349 1284 1414 milites
1320 1349 1484 1432 occidunt,

349 1462 529 1547 lochagum,
563 1463 621 1545 qui
654 1460 851 1545 expeditioni
887 1466 1039 1544 praeerat,
1073 1461 1256 1544 vulnerant,
1289 1467 1411 1527 ceteros
1444 1463 1482 1525 in

348 1575 459 1660 fugam
480 1580 682 1640 ‘convertunt
706 1571 873 1652 ἀχθομένου
896 1571 927 1636 δὲ
949 1577 1000 1636 τοῦ
1027 1572 1216 1654 Δερκυλίδου,
1242 1571 1294 1637 καί
1315 1572 1483 1654 νομίζοντος

349 1686 530 1769 ἀθυμοτέραν
560 1684 613 1752 καί
644 1685 697 1759 τὴν
728 1685 891 1766 προςβολίρν
914 1683 1028 1750 ἔπεσθαι
1052 1686 1112 1750 ari.
1138 1687 1202 1751 Pro
1224 1686 1405 1768 ἀθυμοτέραν
1429 1687 1486 1752 καί

350 1801 489 1866 Oobetus
508 1801 606 1866 scribi
625 1799 715 1865 iubet
734 1797 925 1879 ἀθυμοτέρους
944 1797 1022 1879 πρός.
1037 1798 1141 1876 Quam
1153 1801 1407 1866 emendationem
1421 1803 1483 1885 qui

350 1913 561 1978 necessariam
585 1931 651 1976 non
671 1929 741 1976 esse
762 1911 971 1994 contendunt,
991 1912 1216 1995 metaphoram,
1230 1915 1359 1996 quaein
1372 1913 1481 1978 verbis

350 2021 530 2103 ἀθυμοτέραν
561 2021 724 2103 προςβολιίν
754 2028 812 2105 est,
838 2028 978 2106 tuentur,
1001 2031 1033 2088 et
1056 2024 1187 2088 aliunde
1210 2025 1358 2109 cntempla
1382 2045 1481 2109 quae·

351 2138 425 2202 dam
453 2137 599 2219 afferunt,
624 2155 731 2220 neque
753 2141 859 2201 tamen
883 2137 940 2200 illa
961 2136 1135 2201 admodum
1161 2137 1237 2201 huic
1258 2138 1329 2202 loco
1353 2139 1482 2203 similia.

350 2250 499 2315 Alterum
529 2255 636 2314 tamen
664 2251 789 2330 vitium,
813 2268 878 2332 quo
901 2249 1032 2333 vulgata
1054 2250 1148 2314 lectio
1170 2250 1302 2332 laborat,
1327 2251 1482 2335 quodque

351 2367 384 2428 et
404 2363 511 2446 ipsum
539 2359 650 2425 Oobeti
673 2361 896 2426 emendatione
915 2366 1108 2444 removetur,
1128 2362 1240 2427 tollere
1259 2363 1312 2428 vel
1324 2381 1482 2428 excusare

351 2475 530 2559 negligunt,
561 2479 674 2558 estque
704 2473 785 2538 illud
811 2474 996 2558 metaphora
1018 2475 1089 2557 ista,
1112 2474 1187 2540 licet
1210 2495 1248 2539 ea
1272 2494 1403 2560 quoque
1426 2477 1482 2540 ad·

352 2589 484 2653 modum
521 2590 562 2652 sit
597 2593 754 2671 suspecta,
789 2587 889 2652 multo
924 2589 1021 2651 etiam
1052 2588 1162 2652 minus
1191 2587 1369 2652 ferendum
1394 2586 1481 2664 Quid

351 2706 448 2785 enim,
473 2721 602 2787 quaeso,
625 2703 809 2766 coniunctio
833 2700 885 2764 ναί
906 2701 968 2764 sibi
990 2701 1084 2766 vult?

396 2816 422 2899 l,
450 2817 500 2879 21.
533 2814 547 2877 ὁ
571 2814 602 2878 δὲ
628 2813 815 2894 Δερκυλίδου
839 2811 929 2884 ίιίοας
952 2821 988 2893 τῇ
1013 2813 1125 2895 Ἀίννρῖ
1147 2814 1177 2877 ἐν
1201 2821 1238 2895 τῇ
1261 2817 1318 2877 τάν
1341 2813 1482 2894 Σκηψίων

352 2927 505 3008 ἀκροπόλει
531 2927 598 2998 τοὺς
622 2927 678 3004 μὲν
701 2930 753 2990 τοῦ
776 2926 896 2990 Μειδίου
918 2925 1056 3007 Φρουροὺς
1078 2922 1222 3004 ἐξήγαγε,
1246 2926 1396 3008 παραδοὺς
1417 2934 1481 2998 τοῖς

352 3041 488 3112 πολίταις
518 3039 572 3113 τίν
601 3038 686 3104 πόλιν
716 3038 769 3103 καί
801 3037 1107 3119 παρακελευοάμενος,
1139 3036 1229 3120 ὥςπερ
1253 3036 1408 3113 Ἕλληνας
1431 3037 1482 3103 καί

352 3153 512 3236 ἐλευθέρους
543 3153 613 3234 xpri.
638 3150 709 3216 οίίποι
734 3151 904 3225 πολιτεύειν,
928 3148 1049 3226 ἐξελθὼν
1073 3151 1175 3230 ἡγεῖτο
1197 3150 1248 3215 ε’πί
1271 3152 1325 3226 τίον
1349 3151 1482 3234 Γέργιθα.

353 3267 543 3332 Rectissime
565 3271 639 3350 post
660 3263 810 3344 παραδούς
830 3265 1017 3348 particulam
1037 3263 1069 3327 δέ
1081 3265 1193 3330 inserit
1205 3265 1482 3331 Breiteubachius.

398 3379 424 3462 I,
447 3381 498 3442 27.
523 3379 675 3463 Aliquem
698 3378 760 3442 eibi
783 3379 869 3441 viam
893 3384 1069 3442 monstrare
1091 3377 1131 3442 ad
1150 3377 1278 3443 Maniae
1297 3378 1483 3444 Pharnaba-

355 3494 449 3576 nique
480 3493 667 3556 thesaurum
698 3489 789 3555 iubet
818 3489 1022 3572 Dercylidas;
1055 3487 1221 3567 ἡγουμένων
1251 3490 1282 3554 δὲ
1303 3494 1362 3554 τῶν
1383 3488 1484 3555 ἀλλυν

354 3605 402 3670 ἐπί
432 3603 485 3677 risa
517 3603 637 3676 Μανίας
667 3599 783 3676 οίκιροιν,
806 3600 841 3674 ἣν
863 3604 1039 3682 παρειλήφει
1060 3601 1075 3666 ί
1100 3601 1233 3675 Μειδίας,
1259 3601 1404 3675 νίαολοιίίει
1426 3603 1483 3668 κά-

353 3724 455 3789 κεῖνος.
492 3716 608 3782 Verbis
643 3712 677 3787 ἣν
712 3713 888 3795 παρειλήφει
923 3713 936 3776 ὃ
971 3713 1096 3785 Μειδίας
1127 3714 1308 3800 significare
1339 3717 1484 3782 voluisse

355 3831 484 3896 videtur
502 3829 622 3894 sciolus
642 3828 769 3912 aliquis,
790 3826 916 3892 Maniae
936 3827 1066 3891 domum
1088 3847 1320 3912 occupasse
1339 3829 1486 3895 ididiam.

356 3940 456 4019 Quasi
491 3961 566 4008 vero
600 3941 635 4006 id
668 3941 785 4006 addere
817 3958 948 4004 necesse
979 3945 1070 4022 esset,
1095 3946 1127 4004 et
1150 3959 1216 4004 nou
1238 3943 1345 4025 quivis
1370 3949 1484 4027 sponte

356 4057 556 4140 intelligeret,
579 4055 719 4130 Midiam,
743 4073 846 4137 quum
870 4071 999 4117 socrum
1023 4073 1114 4117 suam
1139 4055 1238 4138 impia
1257 4055 1353 4120 caede
1372 4075 1484 4121 necas·

356 4175 414 4252 set,
436 4188 600 4252 regnoque
623 4169 693 4232 eius
717 4166 876 4250 bonisque
893 4165 1045 4230 omnibus
1065 4167 1098 4229 vi
1117 4172 1203 4232 esset
1214 4168 1484 4250 potitus‚adomo

357 4283 444 4365 regia
468 4283 574 4344 minus
599 4281 693 4344 etiam
717 4299 814 4362 quam
837 4299 858 4342 a
880 4280 993 4343 ceteris
1018 4279 1218 4344 abstinuisse
1238 4280 1372 4344 Accedit
1383 4282 1485 4364 qnod,
