3348 5262
737 578 799 640 261

205 769 311 828 tamen
344 763 496 828 Sachsius
526 763 702 848 prudenter
732 765 908 847 admonuit,
938 783 1004 826 non
1036 767 1179 848 potuisse
1210 767 1269 830 hoc
1293 769 1332 832 de

205 878 348 961 Agesilai
375 878 602 941 lamentatione
624 896 753 940 narrare
776 876 1033 960 Xenophontem,
1055 879 1173 961 quippe
1197 881 1254 962 qui
1274 878 1332 962 IV,

206 993 235 1074 3,
266 995 285 1054 2
318 992 429 1074 tradat,
460 991 648 1075 Agesilaum
674 991 789 1053 nuntio
813 990 852 1053 de
876 991 1009 1053 victoria
1033 990 1118 1074 apud
1143 990 1331 1056 Corinthum

203 1109 362 1189 reportata
389 1110 528 1189 accepto,
551 1111 616 1168 tarn
641 1123 710 1168 esse
732 1105 890 1187 gavisum,
913 1109 950 1167 ut
974 1105 1081 1166 statim
1105 1104 1145 1168 de
1168 1125 1203 1168 ea
1228 1107 1331 1171 socios

204 1221 237 1281 in
260 1219 341 1282 Asia
364 1220 513 1282 certiores
536 1217 662 1280 faceret.
684 1215 726 1280 ut
747 1217 950 1300 sagacissime
969 1216 1124 1300 Hagenus
1146 1218 1246 1300 docet,
1266 1240 1331 1302 qua

202 1352 237 1396 16
262 1332 421 1395 adductus
443 1311 541 1394 fuerit
564 1331 702 1393 encomii
727 1331 870 1413 scriptor,
894 1334 930 1393 ut
950 1331 1113 1413 ingentem
1125 1332 1217 1395 illum
1230 1309 1347 1396 decen

202 1444 335 1509 1111111111
358 1462 527 1508 numerum
548 1443 699 1526 fingeret:
721 1445 909 1506 meminerat
928 1444 1013 1506 enim
1033 1447 1079 1506 tot
1099 1444 1329 1510 militesfuisse

202 1561 236 1622 in
261 1558 337 1640 Gyri
360 1559 514 1640 exercitu,
539 1558 596 1641 qui
617 1557 738 1641 Regem
763 1557 930 1621 devicerat.

246 1671 336 1754 VHI,
372 1674 400 1734 3.
435 1670 497 1735 Per
532 1670 697 1754 epistolam
732 1670 884 1753 Agesilao
920 1669 1057 1734 oblatam
1094 1690 1164 1735 esse
1192 1692 1211 1735 a
1241 1672 1328 1757 Rege

201 1783 305 1865 φιλίαν
337 1789 368 1848 61
395 1779 499 1856 ξενίαν,
523 1785 616 1846 illum
640 1803 715 1847 vero
740 1784 903 1867 epistolam
926 1787 1069 1868 accipere
1092 1785 1236 1849 noluisse
1259 1787 1327 1850 lau·

201 1900 292 1963 dator
323 1898 426 1962 tradit.
457 1897 547 1960 Nihil
578 1898 616 1961 de
639 1897 699 1960 hac
723 1916 757 1960 re
782 1897 864 1980 apud
889 1896 1140 1982 Xenophontem
1162 1901 1325 1964 invenies:

202 2033 268 2076 non
299 2017 405 2076 tamen
436 2011 490 2074 1116
521 2031 600 2093 eam,
628 2031 729 2094 quum
753 2030 804 2074 res
828 2031 847 2073 a
868 2010 994 2075 fautore
1018 2032 1077 2076 suo
1100 2015 1134 2074 in
1159 2013 1238 2076 Asia
1260 2014 1327 2098 glo·

171 2210 172 2214 ¹
201 2129 285 2190 riose
314 2130 420 2209 gestas
442 2125 514 2188 fuse
538 2129 721 2208 exponeret,
745 2124 951 2208 neglexisset,
975 2127 1003 2189 si
1028 2127 1205 2209 quidquam
1229 2128 1268 2192 de
1291 2148 1328 2192 ea

199 2240 385 2321 audivisset,
408 2239 441 2301 id
464 2245 512 2303 est
536 2240 564 2303 si
586 2257 662 2302 vera
685 2246 776 2302 esset.

244 2353 276 2416 Ο.
300 2352 438 2416 Anotera
461 2372 517 2416 sno
536 2353 715 2416 ncenrotr'or
733 2352 833 2416 videri
850 2352 918 2416 ontt
938 2353 971 2416 tn
990 2353 1030 2416 iis
1049 2354 1142 2417 rehns
1161 2356 1325 2420 tradendis

197 2487 279 2547 qnos
308 2487 324 2530 e
353 2465 557 2545 Xenophonte
587 2465 757 2544 descripsit.
788 2465 849 2530 Ter
878 2467 965 2530 istud
989 2467 1127 2530 hominis
1152 2469 1323 2533 consilium

200 2581 462 2664 deprehenditur:

240 2695 267 2778 I,
291 2696 341 2758 10.
365 2694 546 2779 Xenophon
573 2694 668 2774 (Hell.
691 2694 750 2777 III,
774 2698 803 2778 4,
829 2697 919 2779 5sq.)
945 2702 1053 2760 narrat
1071 2698 1219 2762 inducias
1240 2698 1323 2782 Age·
1389 2714 1391 2717 ·

197 2809 313 2871 silaum
336 2827 411 2870 cum
434 2808 643 2891 Tissapherne
664 2808 787 2890 fecisse,
810 2809 963 2892 additque
983 2829 1092 2872 aarum
1115 2810 1321 2894 conditiones,

196 2921 252 2984 sed
284 2921 323 2984 de
355 2926 495 3004 tempore
518 2920 607 2983 nihil.
630 2920 676 2983 At
699 2921 818 2984 sciolus
843 2927 952 2985 noster
973 2922 1005 2984 id
1031 2941 1161 3005 quoque
1184 2941 1218 2986 se
1241 2924 1322 2986 scire

197 3035 335 3116 simulat,
359 3035 456 3096 11111111
479 3035 633 3098 rnensinm
654 3035 726 3098 illas
749 3035 859 3098 fuisse.

239 3147 282 3228 Π,
307 3148 335 3210 1.
360 3147 481 3211 Eadem
500 3150 552 3211 via
570 3168 611 3212 ex
631 3149 710 3212 Asia
721 3150 755 3211 in
768 3148 929 3232 Europam
942 3151 1111 3213 revertisse
1124 3150 1321 3233 Agesilaum,

196 3281 260 3344 qua
284 3260 358 3323 olim
382 3259 511 3324 Xerxes
535 3263 711 3325 exercitum
736 3262 865 3324 duxerit
885 3281 902 3325 e
922 3260 1137 3345 Xenophonte
1158 3261 1250 3343 (Hell.
1264 3263 1320 3346 lV,

194 3376 225 3456 2,
237 3375 269 3454 8)
281 3376 521 3457 cognoscimus;
535 3373 672 3438 celeriter
684 3380 790 3438 autem
804 3393 879 3438 eum
890 3375 950 3438 iter
961 3374 1075 3439 fecisse
1087 3376 1175 3439 addit
1187 3378 1222 3458 (c.
1237 3378 1266 3458 3,
1280 3377 1320 3456 1).

194 3485 257 3550 Sed
286 3491 411 3566 qnontn
441 3486 601 3550 eeleritate
631 3489 692 3549 iter
722 3487 832 3550 fecerit
863 3493 988 3571 praeter
1012 3488 1147 3551 sciolum
1173 3495 1319 3552 nostrum

193 3619 287 3663 nemo
320 3603 416 3663 novit.
447 3599 505 3663 1116
538 3601 623 3662 enim
653 3601 698 3662 ita
725 3599 896 3662 declamat:
921 3595 1319 3670 1111111111111111111

192 3709 342 3792 βάρβαρος
377 3711 541 3785 ἐποιήσατο,
576 3709 687 3784 ταύτην
723 3719 835 3790 μεῖον
870 3709 886 3784 ἢ
923 3712 936 3774 ε’
944 3735 958 3773 1
994 3709 1088 3787 μηνὶ
1120 3712 1317 3784 1111111111νὸ

191 3825 384 3903 Ἀγησίλαος.

236 3939 295 4022 III,
327 3942 355 4004 3.
387 3939 613 4024 Spithridatem
644 3939 784 4018 quadarn
811 3940 930 4001 iniuria
953 3959 971 4001 a
995 3937 1201 4001 Pharnabazo
1225 3939 1317 4002 affec·

191 4058 260 4117 tum
292 4053 331 4116 ad
365 4053 573 4116 defectionem
603 4071 798 4135 propensum
829 4051 928 4114 fuisse
960 4051 1045 4135 apud
1069 4050 1316 4134 Xenophontem

191 4166 313 4249 (1114,
339 4167 390 4246 10)
414 4167 560 4248 legimus.
584 4165 646 4229 Sed
670 4183 751 4248 quae
777 4164 832 4226 illa
854 4163 950 4226 fuerit
972 4165 1093 4227 iniuria
1116 4183 1150 4226 se
1169 4165 1315 4246 ignorare

191 4281 325 4344 tacendo
362 4278 528 4362 significat.
558 4276 643 4353 Quid
667 4283 774 4341 autern
798 4277 935 4341 encomii
958 4277 1116 4360 scriptor?
1140 4276 1317 4360 Insipidam
