3348 5262
836 553 901 616 248

304 738 401 803 nibus
426 738 587 819 abiecisse,
612 757 787 822 secumque
809 739 854 801 ita
876 757 947 802 esse
967 737 1109 802 locutos:
1135 739 1228 821 ,quis
1249 757 1315 801 non
1335 738 1432 802 sentit

304 852 464 917 eiusmodi
492 852 629 936 ineptias
660 850 876 934 Xenophonte
896 850 1046 934 indignas
1070 850 1186 915 esse?”
1209 849 1334 916 Deinde
1356 851 1429 916 illos

305 965 390 1029 solos
410 984 443 1029 se
462 966 496 1028 in
517 965 715 1048 argumentis
736 964 965 1048 conquirendis
978 964 1162 1028 exercuisse
1175 965 1296 1047 opinor,
1309 963 1428 1047 quibus

303 1078 426 1161 aliquid
450 1078 489 1141 de
512 1077 728 1162 Xenophonte
747 1076 1016 1141 conscribendum
1036 1080 1068 1142 et
1086 1078 1121 1140 in
1140 1077 1246 1142 lucem
1267 1077 1429 1142 edendum

304 1194 398 1273 esset,
432 1195 553 1255 ceteros
588 1192 664 1254 satis
698 1189 851 1254 habuisse
882 1190 979 1254 semel
1003 1195 1168 1274 tamquam
1192 1191 1295 1273 ipsius
1318 1188 1430 1254 Xeno-

304 1304 433 1388 phontis
453 1323 564 1368 vocem
584 1303 747 1368 audivisse
768 1305 927 1376 monentis
944 1302 1431 1386 affirmantisqne,nonpotnisse

305 1435 339 1480 se
361 1417 406 1479 ita
429 1417 482 1480 sui
502 1417 722 1480 immemorem
744 1435 824 1498 esse,
844 1421 881 1480 ut
900 1421 965 1479 tam
985 1417 1091 1501 inepte
1102 1415 1306 1500 absurdeque
1316 1416 1431 1500 loque-

212 1549 215 1554 ·
304 1534 401 1613 retur,
436 1530 554 1594 nedum
591 1529 750 1595 scriberet
784 1529 836 1594 Ex
872 1550 908 1596 eo
940 1537 1047 1596 antem
1077 1532 1234 1595 lectorum
1260 1549 1376 1614 genere
1400 1532 1432 1594 si

305 1643 378 1727 quis
409 1642 490 1706 forte
520 1645 732 1726 cognovisset,
754 1644 817 1707 iarn
843 1643 1115 1708 Valckenaerium
1140 1643 1288 1708 docuisse
1309 1644 1431 1708 iniuria

304 1756 513 1840 Xenophonti
545 1757 733 1841 Agesilaum
764 1757 872 1840 tribui,
894 1758 929 1822 in
952 1759 1032 1822 tanti
1056 1778 1131 1822 eum
1154 1760 1217 1822 viri
1239 1760 1431 1823 auctoritate

305 1872 513 1954 acquievisse,
536 1891 643 1955 neque
669 1877 832 1958 praeterea
854 1873 958 1936 ullum
982 1873 1178 1937 desiderasse
1201 1876 1429 1956 argumentum

305 2002 460 2069 perquam
484 1989 532 2048 est
554 1984 727 2068 probabile.
750 1984 825 2049 Non
848 1987 933 2050 enim
958 1986 1055 2051 semel
1075 1986 1132 2050 sed
1153 1991 1274 2071 quator,
1293 1986 1431 2050 diversis

304 2098 384 2161 locis
417 2098 681 2183 temporibusque
713 2099 965 2164 Valckenaerius
996 2120 1088 2164 suam
1121 2101 1160 2165 de
1182 2100 1334 2184 Agesilao
1358 2119 1432 2165 sen-

285 2213 440 2277 ''tentiam
474 2215 661 2297 prolocutus
692 2219 750 2295 est,
779 2220 811 2279 et
839 2215 885 2278 ita
915 2215 1111 2298 prolocutus,
1134 2219 1236 2279 utne
1260 2215 1431 2280 minimum

306 2325 436 2408 quidem
473 2326 664 2410 scrupulum
698 2327 838 2391 residere
867 2346 961 2411 posse
991 2331 1098 2411 aperte
1128 2326 1294 2412 significet.
1326 2325 1432 2392 Lubet

304 2440 375 2522 ipsa
398 2441 519 2504 summi
541 2440 603 2502 viri
625 2439 722 2504 verba
746 2441 859 2505 citare:

350 2553 390 2616 ad
419 2552 537 2617 Herod.
568 2553 627 2636 III,
659 2556 740 2618 134:
768 2552 851 2635 ,our
874 2553 976 2620 femur
1000 2573 1070 2619 esse
1091 2553 1276 2638 Xenophon,
1301 2556 1430 2642 quando

307 2667 425 2732 secedit
458 2688 477 2731 a
505 2667 749 2752 Xenophonteis
781 2689 823 2734 ex
852 2669 986 2734 historia
1009 2668 1130 2734 Graeca
1153 2670 1194 2734 ad
1218 2670 1354 2736 verbum
1376 2672 1430 2736 de-

306 2779 493 2864 scribendis,
516 2779 653 2866 frigidus
675 2781 817 2865 Apesilai
837 2782 986 2846 laudator
1009 2788 1039 2847 et
1061 2783 1211 2867 sophista,
1231 2786 1311 2865 (tum
1332 2784 1430 2850 rerba

306 2894 463 2976 quaedam
494 2913 536 2958 ex
566 2895 716 2979 Agesilao
748 2896 843 2975 citat).
876 2894 939 2971 Qui
961 2895 1105 2960 libellum
1126 2898 1226 2961 istum
1250 2897 1327 2962 olim
1350 2903 1431 2966 tam-

287 3015 403 3090 'quam
437 3006 710 3092 Xenophonteum
748 3009 930 3093 adhibuere,
965 3009 1016 3074 vel
1052 3009 1203 3074 videntur
1236 3010 1432 3094 adhibuisse,

305 3120 421 3188 horum
434 3121 513 3186 mihi
524 3124 716 3206 testimonia,
727 3123 953 3207 plerorumque
966 3124 1087 3205 opinor,
1096 3128 1173 3187 sunt
1184 3123 1219 3186 in
1232 3123 1431 3190 numerat0.”

340 3233 390 3296 'ad
410 3234 527 3298 Herod.
548 3234 607 3318 IX,
628 3237 687 3299 27:
712 3236 918 3317 ,Promiscue
930 3236 1160 3320 propemodum
1175 3238 1324 3320 usurpari
1335 3257 1431 3302 voces

306 3345 397 3422 νὶνών,
426 3347 521 3428 καιρός
545 3353 576 3414 et
598 3346 687 3429 ἔργον,
712 3355 869 3414 monstrat
890 3350 1034 3434 Agesilai
1057 3349 1212 3432 laudator,
1236 3353 1291 3414 cui
1314 3351 1432 3416 dicitur

305 3460 360 3528 ille
380 3461 512 3544 καρτερίᾳ
531 3462 587 3539 μὲν
606 3461 756 3543 πρωτεύων
775 3461 841 3527 ἔνθα
860 3469 953 3528 πονεῖν
966 3460 1071 3543 καιρός,
1083 3463 1161 3544 ἀλκῇ
1175 3462 1206 3526 δὲ
1219 3460 1289 3528 ὅπου
1300 3463 1432 3545 ἀνδρείαις

305 3574 398 3652 apen,
433 3575 538 3656 γνώμῃ
574 3576 605 3640 δὲ
637 3573 707 3641 ὅπου
738 3575 849 3654 βουλῆς
879 3574 978 3657 ἔργννε
1011 3597 1093 3662 quae
1124 3577 1298 3661 sophistam
1328 3580 1430 3644 multo

304 3691 407 3773 magis
437 3690 550 3754 decent
580 3711 678 3774 quam
709 3690 955 3775 Xenophontem,
980 3692 1016 3754 in
1040 3692 1134 3756 cuius
1158 3693 1286 3776 scriptis
1311 3692 1358 3755 nil
1379 3694 1430 3756 in-

308 3803 453 3866 venietur
477 3803 610 3869 simile.”

350 3914 495 3980 Diatribe
517 3938 546 4001 p.
570 3918 652 3981 266:
680 3917 764 4000 „Qui
784 3918 844 3983 sub
865 3921 995 3984 nomine
1015 3918 1231 3999 Xenophontis
1242 3920 1429 4003 Agesilaum

306 4029 457 4113 laudavit,
481 4032 576 4096 talem
600 4033 878 4117 („impeocatum’')
901 4033 995 4097 illum
1018 4033 1122 4097 finxit.
1143 4032 1181 4097 In
1203 4033 1250 4097 ed.
1270 4033 1430 4098 Hutohin-

306 4145 377 4210 soni
410 4164 437 4228 p.
470 4145 521 4224 80,
543 4143 763 4225 ἀναμάρτητος,
787 4149 903 4231 inquit,
926 4144 1108 4220 ἐτελεύτησε,
1134 4167 1230 4230 quem
1254 4146 1430 4227 Xenophon

307 4257 341 4324 in
375 4256 550 4323 Hellenicis
585 4264 622 4323 ut
652 4261 757 4326 virum
789 4263 955 4346 egregium
986 4262 1130 4344 miratus,
1159 4261 1297 4325 hominis
1320 4267 1428 4326 tamen
