3354 5268
757 618 798 682 47

217 808 385 874 mirabitur
406 806 475 872 fieri
497 825 599 891 posse,
623 810 659 868 ut
679 804 772 868 modo
793 805 905 888 paucis
923 805 1048 888 paginis
1069 823 1228 890 persaepe,
1242 806 1334 870 modo

218 923 329 988 multis
352 922 514 985 rarissime
537 918 708 1004 legantur?
731 917 794 981 Fac
816 936 904 981 nunc
927 919 1113 1002 scriptorem
1133 919 1273 1004 aliquem
1295 957 1336 966 -

219 1056 324 1121 neque
354 1036 414 1099 hoc
444 1034 563 1119 fingere
591 1031 764 1096 absurdum
790 1035 838 1095 est
863 1068 904 1077 —
928 1033 1067 1115 primum
1090 1051 1225 1116 parvum
1247 1033 1336 1100 libel·

219 1152 289 1214 lum
330 1149 369 1213 de
409 1148 465 1211 tali
504 1150 692 1230 argumento
726 1163 827 1227 eaque
864 1145 1006 1208 oratione
1040 1147 1266 1229 composuisse,
1302 1151 1337 1210 ut

219 1266 317 1328 vicies
352 1263 499 1326 triciesve
530 1258 556 1322 δ’
588 1251 634 1322 οὖν
666 1263 750 1323 esset
773 1257 965 1342 ponendum,
987 1276 1063 1322 mox
1084 1260 1241 1324 eiusmodi
1264 1280 1338 1324 nar·

220 1380 351 1443 rationis
386 1374 570 1440 scribendae
603 1373 732 1436 initium
766 1371 888 1454 fecisse,
923 1373 958 1434 in
992 1391 1056 1455 qua
1086 1371 1206 1456 aliquot
1236 1391 1337 1438 annos

220 1495 410 1572 versaretur,
433 1488 488 1553 sed
510 1487 576 1552 fere
600 1506 768 1569 nunquam
791 1486 831 1549 iis
851 1485 1016 1568 particulis
1037 1486 1085 1549 uti
1102 1491 1218 1569 posset,
1230 1506 1337 1552 nonne

219 1607 319 1689 inepti
342 1608 448 1669 essent
470 1603 597 1686 posteri,
621 1602 648 1664 si
670 1618 707 1664 eo
731 1603 918 1683 argumento
943 1598 1160 1664 demonstrare
1183 1618 1337 1666 conaren-

219 1725 281 1795 tur,
322 1722 378 1782 aut
414 1723 590 1798 utrumque
623 1713 741 1777 librum
776 1732 841 1775 non
875 1731 968 1796 posse
1004 1713 1141 1778 eundem
1175 1718 1336 1779 auctorem

220 1830 343 1911 habere,
367 1834 423 1894 ant
445 1827 622 1892 breviorem
645 1825 745 1889 multo
769 1828 840 1908 post
863 1824 1039 1909 longiorem
1064 1829 1176 1890 natum
1199 1827 1293 1891 esse?

263 1943 348 2028 Ergo
384 1963 511 2006 causam
547 1960 649 2005 meam
681 1958 732 2004 me
763 1941 878 2004 vicisse
909 1940 1035 2004 credam
1059 1942 1087 2004 si
1110 1946 1141 2005 et
1163 1942 1337 2026 particulae

220 2056 279 2135 μήν
311 2041 380 2121 eam
404 2075 474 2120 esse
498 2056 562 2118 vim
586 2053 770 2138 probavero,
795 2059 831 2118 ut
853 2060 885 2118 et
905 2053 995 2117 brevi
1018 2053 1185 2118 intervallo
1209 2058 1337 2140 saepius

219 2172 405 2252 necessaria,
440 2175 471 2234 et
501 2168 596 2252 longo
628 2169 729 2252 spatio
760 2166 884 2230 inutilis
917 2186 986 2231 esse
1010 2169 1118 2251 possit
1143 2167 1236 2244 Quod
1260 2171 1338 2233 mihi

219 2283 309 2347 nulla
330 2283 393 2346 alia
415 2283 536 2345 ratione
559 2280 672 2344 melius
695 2280 798 2344 lacere
817 2299 910 2363 posse
931 2280 1048 2358 videor,
1069 2301 1165 2364 quam
1186 2283 1214 2346 si
1228 2302 1338 2348 omnes

220 2397 315 2479 locos,
350 2396 405 2460 ubi
439 2397 473 2458 in
504 2393 646 2457 Anabasi
678 2391 738 2468 μήν
769 2392 894 2476 legitur,
916 2392 977 2457 sub
1000 2414 1104 2459 unum
1129 2403 1335 2479 conspectum

221 2511 343 2592 dedero,
373 2510 417 2572 ita
448 2506 634 2571 distributos
667 2513 711 2587 nt,
734 2506 794 2569 etsi
823 2508 934 2589 paucis
958 2506 1063 2572 verbis
1087 2509 1156 2573 eius
1180 2509 1338 2593 significa-

220 2625 337 2688 tionem
362 2621 539 2687 describere
563 2639 628 2683 non
651 2621 821 2704 possimus,
844 2624 947 2684 tamen
969 2622 1038 2705 ipse
1058 2642 1138 2687 usus
1158 2623 1251 2687 nobis
1271 2643 1338 2688 rem

220 2739 297 2801 satis
321 2737 521 2821 perspicuam
545 2734 663 2799 reddat.

263 2849 380 2913 Tricies
403 2850 434 2912 in
460 2848 603 2912 Anabasi
627 2846 687 2923 μήν
711 2847 836 2931 legitur,
860 2848 909 2912 vel
933 2849 1040 2932 potius
1065 2869 1164 2932 quum
1190 2850 1337 2933 excipere

218 2964 311 3028 liceat
345 2983 403 3028 sex
437 2964 532 3045 locos,
566 2963 621 3026 nbi
656 2965 689 3027 in
725 2963 931 3028 iureiurando
963 2970 1010 3028 est
1042 2957 1152 3047 ἦμήν,
1177 2983 1241 3027 non
1264 2965 1337 3049 plus

221 3098 316 3161 quam
340 3078 438 3140 vicies
467 3083 585 3160 quater.

263 3192 288 3254 I.
331 3191 434 3256 Semel
476 3197 600 3255 tantum
638 3193 813 3276 particulae
847 3190 908 3267 μήν
943 3191 1130 3276 significatio
1165 3192 1336 3276 paululum

219 3307 336 3370 recedit
368 3305 407 3369 ab
431 3325 476 3387 ea,
501 3326 597 3388 quam
620 3305 753 3388 reliquis
776 3306 855 3369 locis
879 3305 989 3370 habet:
1013 3305 1059 3369 ibi
1084 3308 1167 3370 enim
1194 3307 1233 3370 ad
1258 3306 1337 3371 duas

220 3439 271 3484 res
293 3422 377 3484 inter
398 3439 432 3483 se
455 3419 655 3498 opponendus
674 3419 849 3483 adhibetur.
869 3418 928 3482 Est
945 3419 979 3482 L.
992 3419 1065 3502 VII,
1078 3421 1106 3503 6,
1120 3422 1170 3484 38.
1195 3419 1337 3502 „Nunc”

220 3532 399 3616 Xenophon
432 3535 476 3596 ait
509 3533 661 3613 ,milites
690 3551 790 3614 quum
822 3532 905 3596 mala
935 3533 1100 3616 effugistis,
1131 3534 1228 3598 duces
1251 3535 1336 3597 nacti

221 3647 307 3727 estis,
341 3646 535 3728 stipendium
568 3645 722 3728 accipitis,
756 3663 803 3725 eo,
838 3664 901 3728 qno
935 3647 1059 3728 cupitis,
1090 3646 1337 3730 proficiscimini,

221 3777 308 3821 nunc
331 3763 458 3841 tempus
482 3776 551 3821 esse
575 3758 712 3838 creditis,
738 3775 787 3821 me
812 3759 1003 3840 quantocius
1027 3757 1065 3821 de
1089 3757 1192 3822 medio
1216 3758 1336 3823 tollere.

220 3871 252 3935 οὐ
284 3869 343 3946 μὴν
373 3867 420 3932 ὅτε
449 3893 486 3946 γε
512 3869 540 3932 ἐν
563 3875 622 3941 τοῖς
645 3868 759 3950 ἀπόροις
785 3862 868 3946 ἦμεν,
892 3864 912 3932 ὦ
937 3868 1053 3933 πάντων
1077 3871 1336 3948 μνημονικώτατοι,

220 3983 303 4047 ἀλλὰ
325 3981 376 4046 καὶ
400 3981 514 4062 πατέρα
537 3981 591 4059 ἐμὲ
614 3983 747 4075 ἐκαλεῖτε
769 3983 852 4046 κτὲ.”’

266 4096 329 4173 Qui
352 4116 425 4161 vero
443 4096 504 4159 loci
523 4103 653 4178 restant,
674 4117 785 4162 omnes
806 4096 930 4161 classici
950 4098 1058 4162 haberi
1078 4106 1229 4181 possunt;
1251 4106 1335 4165 recte

222 4213 307 4275 enim
346 4211 489 4294 dispositi
523 4215 679 4275 attentum
714 4211 864 4275 lectorem
897 4213 1021 4296 egregie
1055 4212 1168 4277 docere
1199 4220 1334 4298 possunt

223 4326 308 4409 quod
343 4325 421 4389 mihi
451 4324 665 4389 demonstrare
695 4327 856 4409 proposui.
880 4325 1010 4390 Videbit
1036 4329 1121 4391 enim
1145 4327 1336 4414 plerumque
